@ARTICLE{asplundetal2009,
   author = {{Asplund}, M. and {Grevesse}, N. and {Sauval}, A.~J. and {Scott}, P.
	},
    title = "{The Chemical Composition of the Sun}",
  journal = {\araa},
 primaryClass = "astro-ph.SR",
     year = 2009,
    month = sep,
   volume = 47,
    pages = {481-522},
      doi = {10.1146/annurev.astro.46.060407.145222},
   adsurl = {http://adsabs.harvard.edu/abs/2009ARA%26A..47..481A},
  adsnote = {Provided by the SAO/NASA Astrophysics Data System}
}

@ARTICLE{rauch2003,
   author = {{Rauch}, T.},
    title = "{A grid of synthetic ionizing spectra for very hot compact stars from NLTE model atmospheres}",
  journal = {\aap},
 keywords = {planetary nebulae: general, stars: atmospheres, stars: early-type, stars: general, ultraviolet: stars},
     year = 2003,
    month = may,
   volume = 403,
    pages = {709-714},
      doi = {10.1051/0004-6361:20030412},
   adsurl = {http://adsabs.harvard.edu/abs/2003A%26A...403..709R},
  adsnote = {Provided by the SAO/NASA Astrophysics Data System}
}

@INPROCEEDINGS{rauchdeetjen2003,
   author = {{Rauch}, T. and {Deetjen}, J.~L.},
    title = "{Handling of Atomic Data}",
booktitle = {Stellar Atmosphere Modeling},
     year = 2003,
   series = {Astronomical Society of the Pacific Conference Series},
   volume = 288,
   editor = {{Hubeny}, I. and {Mihalas}, D. and {Werner}, K.},
    month = jan,
    pages = {103},
   adsurl = {http://adsabs.harvard.edu/abs/2003ASPC..288..103R},
  adsnote = {Provided by the SAO/NASA Astrophysics Data System}
}

@INPROCEEDINGS{rauchringat2011,
   author = {{Rauch}, T. and {Ringat}, E.},
    title = "{Spectral Analysis in the Virtual Observatory}",
booktitle = {Astronomical Data Analysis Software and Systems XX},
     year = 2011,
   series = {Astronomical Society of the Pacific Conference Series},
   volume = 442,
   editor = {{Evans}, I.~N. and {Accomazzi}, A. and {Mink}, D.~J. and {Rots}, A.~H.
	},
    month = jul,
    pages = {563},
   adsurl = {http://adsabs.harvard.edu/abs/2011ASPC..442..563R},
  adsnote = {Provided by the SAO/NASA Astrophysics Data System}
}

@INPROCEEDINGS{rauchringat2012,
   author = {{Rauch}, T. and {Ringat}, E.},
    title = "{Quality Control for Theoretical Data in the Virtual Observatory: Establishing Benchmark Tests for Synthetic Spectra}",
booktitle = {Astronomical Data Analysis Software and Systems XXI},
     year = 2012,
   series = {Astronomical Society of the Pacific Conference Series},
   volume = 461,
 primaryClass = "astro-ph.SR",
   editor = {{Ballester}, P. and {Egret}, D. and {Lorente}, N.~P.~F.},
    month = sep,
    pages = {427},
   adsurl = {http://adsabs.harvard.edu/abs/2012ASPC..461..427R},
  adsnote = {Provided by the SAO/NASA Astrophysics Data System}
}

@ARTICLE{rauchetal2007,
   author = {{Rauch}, T. and {Ziegler}, M. and {Werner}, K. and {Kruk}, J.~W. and 
	{Oliveira}, C.~M. and {Vande Putte}, D. and {Mignani}, R.~P. and 
	{Kerber}, F.},
    title = "{High-resolution FUSE and HST ultraviolet spectroscopy of the white dwarf central star of <ASTROBJ>Sh 2-216</ASTROBJ>}",
  journal = {\aap},
 keywords = {ISM: planetary nebulae: individual: <ASTROBJ>Sh 2-216</ASTROBJ>, stars: abundances, stars: atmospheres, stars: evolution, stars: individual: <ASTROBJ>LS V +46{\deg}21</ASTROBJ>, stars: AGB and post-AGB},
     year = 2007,
    month = jul,
   volume = 470,
    pages = {317-329},
      doi = {10.1051/0004-6361:20077166},
   adsurl = {http://adsabs.harvard.edu/abs/2007A%26A...470..317R},
  adsnote = {Provided by the SAO/NASA Astrophysics Data System}
}

@ARTICLE{rauchetal2012,
   author = {{Rauch}, T. and {Werner}, K. and {Bi{\'e}mont}, {\'E}. and {Quinet}, P. and 
	{Kruk}, J.~W.},
    title = "{Stellar laboratories: new Ge V and Ge VI oscillator strengths and their validation in the hot white dwarf RE 0503-289}",
  journal = {\aap},
 primaryClass = "astro-ph.SR",
 keywords = {atomic data, line: identification, stars: abundances, stars:, individual: RE0503-289, white dwarfs, virtual observatory tools},
     year = 2012,
    month = oct,
   volume = 546,
      eid = {A55},
    pages = {A55},
      doi = {10.1051/0004-6361/201220014},
   adsurl = {http://adsabs.harvard.edu/abs/2012A%26A...546A..55R},
  adsnote = {Provided by the SAO/NASA Astrophysics Data System}
}

@INPROCEEDINGS{werneretal2003,
   author = {{Werner}, K. and {Deetjen}, J.~L. and {Dreizler}, S. and {Nagel}, T. and 
	{Rauch}, T. and {Schuh}, S.~L.},
    title = "{Model Photospheres with Accelerated Lambda Iteration}",
booktitle = {Stellar Atmosphere Modeling},
     year = 2003,
   series = {Astronomical Society of the Pacific Conference Series},
   volume = 288,
   editor = {{Hubeny}, I. and {Mihalas}, D. and {Werner}, K.},
    month = jan,
    pages = {31},
   adsurl = {http://adsabs.harvard.edu/abs/2003ASPC..288...31W},
  adsnote = {Provided by the SAO/NASA Astrophysics Data System}
}

@ARTICLE{werneretal2012,
   author = {{Werner}, K. and {Rauch}, T. and {Ringat}, E. and {Kruk}, J.~W.
	},
    title = "{First Detection of Krypton and Xenon in a White Dwarf}",
  journal = {\apjl},
 keywords = {stars: abundances, stars: individual: RE 0503{\ndash}289, white dwarfs},
     year = 2012,
    month = jul,
   volume = 753,
      eid = {L7},
    pages = {L7},
      doi = {10.1088/2041-8205/753/1/L7},
   adsurl = {http://adsabs.harvard.edu/abs/2012ApJ...753L...7W},
  adsnote = {Provided by the SAO/NASA Astrophysics Data System}
}
