@inproceedings{O10_adassxxii,
	author		= "Eguchi,S. and Kawasaki,W. and Shirasaki,Y. and Komiya,Y. and Kosugi,G. and Ohishi,M. and Mizumoto,Y.",
	title		= "Prototype Implementation of Web and Desktop Applications for ALMA Science Verification Data and the Lessons Learned",
	booktitle	= "ADASS XXII",
	year		= 2012,
	editor		= "D.~Friedel and R.~Plante",
	volume		= "TBD",
	series		= "ASP Conf. Ser.",
	pages		= "TBD",
	publisher	= "ASP",
	address		= "San Francisco",
}

@inproceedings{D5_adassxxii,
	author		= "Shirasaki,Y. and Kawasaki,W. and Eguchi,S. and Komiya,Y. and Kosugi,G. and Ohishi,M. and Mizumoto,Y.",
	title		= "Web and Desktop Applications for ALMA Science Verification Data",
	booktitle	= "ADASS XXII",
	year		= 2012,
	editor		= "D.~Friedel and R.~Plante",
	volume		= "TBD",
	series		= "ASP Conf. Ser.",
	pages		= "TBD",
	publisher	= "ASP",
	address		= "San Francisco",
}
