@article{Kuhlen:2008kr,
author = {Kuhlen, Michael and Diemand, J{\"u}rg and Madau, Piero},
title = {{The Dark Matter Annihilation Signal from Galactic Substructure: Predictions for GLAST}},
journal = {The Astrophysical Journal},
year = {2008},
volume = {686},
number = {1},
pages = {262--278},
month = oct
}

@article{Gorski:2005ku,
author = {Gorski, K M and Hivon, E and Banday, A J and Wandelt, B D and Hansen, F K and Reinecke, M and Bartelmann, M},
title = {{HEALPix: A Framework for High‚ÄêResolution Discretization and Fast Analysis of Data Distributed on the Sphere}},
journal = {The Astrophysical Journal},
year = {2005},
volume = {622},
number = {2},
pages = {759--771},
month = apr
}
