@inproceedings{Hermes_2010,
        author          = "Barden, S.~C. and others",
        title           = "HERMES: revisions in the design for a high resolution multi-element spectrograph for the AAT",
        booktitle       = "Proc. SPIE",
       volume         = 7735,
       pages           = 773509,
        year            = 2010
}

@inproceedings{Drama_1995,
        author          = "Bailey,  J.~A. and Farrell, T.~J. and Shortridge, K.",
        title           = "DRAMA â€“-- An environment for distributed instrumentation Software",
        booktitle       = "Proc. SPIE",
       volume         =  2479,
       pages          = 62,
        year            = 1995
}

@inproceedings{AAO2_2004,
        author          = "Shortridge, K. and Farrell, T.~J. and Bailey, J.~A. and Waller, L.~G.",
        title           = "The Data Flow System for the AAO2 Controllers",
        booktitle       = "Proc. SPIE",
       volume        =  5496,
       pages         =  463,
        year            = 2004
}

@inproceedings{TCS_2010,
        author          = "Shortridge, K. and Vuong, M.",
        title           = "Faking it for pleasure and profit: the use of hardware simulation at AAO",
        booktitle       = "Proc. SPIE",
       volume        =  7740,
        pages         =  774008,
        year            = 2010
}

@inproceedings{OptExt_2010,
        author          = "Sharp, R. and Birchall, M.~N.",
        title           = "Optimal Extraction of Fibre Optic Spectroscopy",
        booktitle       = "PASA",
       volume        = 27,
        pages         = {91-103},
        year            = 2010
}

@inproceedings{PCA_2010,
        author          = "Sharp, R. and Parkinson, H.",
        title           = "Sky subtraction at the Poisson limit with fibre-optic multi-object spectroscopy",
        booktitle       = "MNRAS",
        volume       = 408,
        pages         = {2495-2510},
        year            = 2010
}

@inproceedings{Sharks_2005,
        author          = "Arzoumanian, Z. and Holmberg, J. and Norman, B.",
        title           = "An Astronomical pattern-matching algorithm for computer-aided identification of whale sharks",
        booktitle       = "J. Appl. Ecol.",
       volume        = 42, 
       pages          = {991-1011},
        year            = 2005
}

