@inproceedings{P56_adassxxii,
        author          = "T. Jenness and D. S. Berry",
        title           = "PAL - A Positional Astronomy Library",
        booktitle       = "ADASS XXII",
        year            = 2012,
        editor          = "Friedel, D. and Plante, R.",
        volume          = "TBD",
        series          = "ASP Conf. Ser.",
        pages           = "TBD",
        publisher       = "ASP",
        address         = "San Francisco",
}
@inproceedings{P011_adassxxi,
        author          = "D. S. Berry and T. Jenness",
        title           = "New Features in AST - a WCS Management and Manipulation Library",
        booktitle       = "ADASS XXI",
        year            = 2012,
        editor          = "Ballester, P. and Egret, D.",
        volume          = "TBD",
        series          = "ASP Conf. Ser.",
        pages           = "TBD",
        publisher       = "ASP",
        address         = "San Francisco",
}
@inproceedings{SSC_2009,
	author		= "T. Jenness and D. S. Berry and B. Cavanagh and M. J. Currie and P. W. Draper and F. Economou",
	title		= "Developments in the Starlink Software Collection",
	booktitle	= "Astronomical Data Analysis Software and Systems XVIII",
	year		= 2009,
	editor		= "D. A. Bohlender and D. Durand and P. Dowler",
	volume		= 411,
	series		= "ASP Conference Series.",
	pages		= 418,
	publisher	= "Astronomical Society of the Pacific",
	address		= "San Francisco",
}
