%% This BibTeX bibliography file was created using BibDesk.
%% http://bibdesk.sourceforge.net/


%% Created for Jeffrey Cox at 2012-10-31 18:31:43 -0400 


%% Saved with string encoding Unicode (UTF-8) 

@misc{dataCapacitor,
	Author = {Stewart, C. and Bramley, R. and Pilachowski, C. and Plale, B. and Hacker, TJ},
	Date-Added = {2012-10-31 22:17:53 +0000},
	Date-Modified = {2012-10-31 22:18:02 +0000},
	Title = {MRI: Acquisition of a High-Speed, High Capacity Storage System to Support Scientific Computing: The Data Capacitor},
	Year = {2009}}

@ARTICLE{sextractor,
author = {{Bertin}, E. and {Arnouts}, S.},
title = "{SExtractor: Software for source extraction.}",
journal = {\aaps},
keywords = {METHODS: DATA ANALYSIS, TECHNIQUES: IMAGE PROCESSING, GALAXIES: PHOTOMETRY},
year = 1996,
month = jun,
volume = 117,
pages = {393-404},
adsurl = {http://adsabs.harvard.edu/abs/1996A%26AS..117..393B},
adsnote = {Provided by the SAO/NASA Astrophysics Data System}
}

@INPROCEEDINGS{iraf,
   author = {{Tody}, D.},
    title = "{The IRAF Data Reduction and Analysis System}",
booktitle = {Society of Photo-Optical Instrumentation Engineers (SPIE) Conference Series},
     year = 1986,
   series = {Society of Photo-Optical Instrumentation Engineers (SPIE) Conference Series},
   volume = 627,
   editor = {{Crawford}, D.~L.},
    month = jan,
    pages = {733},
   adsurl = {http://adsabs.harvard.edu/abs/1986SPIE..627..733T},
  adsnote = {Provided by the SAO/NASA Astrophysics Data System}
}

@inproceedings{hpss,
	Author = {Coyne, R.A. and Hulen, H. and Watson, R.},
	Booktitle = {Supercomputing'93. Proceedings},
	Date-Added = {2012-10-31 22:12:13 +0000},
	Date-Modified = {2012-10-31 22:12:31 +0000},
	Organization = {IEEE},
	Pages = {83--92},
	Title = {The high performance storage system},
	Year = {1993}}

@ARTICLE{amqp, 
author={Vinoski, S.}, 
journal={Internet Computing, IEEE}, title={Advanced Message Queuing Protocol}, 
year={2006}, 
month={nov.-dec. }, 
volume={10}, 
number={6}, 
pages={87 -89}, 
keywords={advanced message queuing protocol;interoperable enterprise-scale asynchronous messaging protocol;open standard;business data processing;middleware;open systems;}, 
doi={10.1109/MIC.2006.116}, 
ISSN={1089-7801},}