




@proceedings{adass_xviii,
author="U. Becciani and A. Costa",
title="VisIVO: New Integrated Services",
year=2009,
editor="D. Bohlender and  D. Durand and P. Dowler",
volume=411,
series="ASP Conference Series",
pages=555,
publisher="Astronomical Society of the Pacific",
address="San Francisco",
}

@article{IEEE_transaction_2009 ,
author	= "U. Becciani and et al.", 
title		= {Visual Discovery in Large-Scale Astrophysical Datasets; Experiences Using the Sloan Digital SkySurvey},
journal	= "IEEE transaction",
volume	= "",
pages	= 10,
year		= 2009,
}

@article{Publications_Astronomical_Society_Pacific_2010,
author	= "U.Becciani and et al.", 
title		= "VisIVO-Integrated Tools and Services for Large-Scale Astrophysical Visualization",
journal	= "Publications of the Astronomical Society of the Pacific",
volume	= 122,
pages	= 119,
year		= 2010,
}

@proceedings{adass_xix_2010,
author	= "M. Molinaro and et al.", 
title		= "VO Compliant Visualization of Theoretical Data",
editor	= "Y. Mizumoto and K. Morita and M. Ohishi",
serier	= "ASP Conference Series",
publisher	="Astronomical Society of the Pacific",
volume	= 434,
pages	= 333,
year		= 2010,
address="San Francisco",
}

@article{Publications_Astronomical_Society_Pacific_2011,
author	= "A.Costa and et al.", 
title	= "VisIVOWeb: A WWW Environment for Large-Scale Astrophysical Visualization",
journal	= "Publications of the Astronomical Society of the Pacific",
volume	= 123,
pages	= 503,
year		= 2011,
}

@proceedings{adass_xx_2011,
author	= "A. Costa and et al.", 
title	= "VisIVODesktop 3.0: An Interactive Desktop Environment for Astrophysical Visualization",
editor	= "I. Evans and A. Accomazzi and D. Mink and A. Rots",
serier	= "ASP Conference Proceedings",
publisher	="Astronomical Society of the Pacific",
volume	= 442,
pages	= 617,
year		= 2011,
address="San Francisco",
}

@proceedings{adass_xx_2011b,
author	= "P. Massimino and et al.", 
title	= "Large-Scale Astrophysical Visualization on Smartphones",
editor	= "I. Evans and A. Accomazzi and D. Mink and A. Rots",
serier	= "ASP Conference Proceedings",
publisher	="Astronomical Society of the Pacific",
volume	= 442,
pages	= 621,
year		= 2011,
address="San Francisco",
}

@article{Journal_of_Grid_Computing_2012,
author	= "U. Becciani and et al.", 
title		= "Cosmological Simulations and Data Exploration: a Testcase on the Usage of Grid Infrastructure",
journal	= "Journal of Grid Computing",
year		= 2012,
}

