@article{ochsenbein_2000,
        author              = {F. Ochsenbein and others},
        title               = {},
        journal             = {A\&AS},
        year                = {2000},
        volume              = 143,
        pages               = 230,
}

@techreport{adql_2011,
        author              = {I. Ortiz and others},
        title               = {IVOA Recommendation: IVOA Astronomical Data Query Language},
        number              = {Version 2.00 (arXiv:1110.0503)},
        institution         = {International Virtual Observatory Alliance},
        year                = {2008},
}

@techreport{q3c_2006,
        author              = {Koposov, S. \& Bartunov, O},
        title               = {Q3C, Quad Tree Cube},
        number              = {2006ASPC..351..735K},
        year                = {2006},
}

@techreport{tap_2011,
        author              = {Dowler and others},
        title               = {IVOA Recommendation: Table Access Protocol Version 1.0},
        journal             = {ARXIV},
        number              = {Version 1.00 (arXiv:1110.0497)},
        year                = {2011},
}

@misc{simbad_tap_2011,
        author              = {G. Mantelet and others},
        title               = {Table Access Protocol Applied to the SIMBAD Database},
        number              = {version 1.0 (2012ASPC..461..407M)},
        institution         = {CDS},
        year                = {2011},
}

@misc{gorski_healpix,
        author              = {Gorski, K. M. and others},
        title               = {HEALPix: Hierarchical Equal Area isoLatitude Pixelization of a sphere},
        number              = {(2011ascl.soft07018G)},
        year                = {2011},
}

@inproceedings{O13_adassxxii,
        author          = {P. Fernique and others},
        booktitle       = {ADASS XXII},
        year            = 2012,
        volume          = {TBD},
        series          = {ASP Conf. Ser.},
        pages           = {TBD},
        publisher       = {ASP},
        title           = {HEALPix based cross-correlation in Astronomy},
}

