@article{ord2010interferometric,
  title={Interferometric imaging with the 32 element Murchison Wide-field Array},
  author={Ord, SM and Mitchell, DA and Wayth, RB and Greenhill, LJ and Bernardi, G. and Gleadow, S. and Edgar, RG and Clark, MA and Allen, G. and Arcus, W. and others},
  journal={Publications of the Astronomical Society of the Pacific},
  volume={122},
  number={897},
  pages={1353--1366},
  year={2010},
  publisher={JSTOR}
}

@article{wicenec2007eso,
  title={ESOÕs Next Generation Archive System in Full Operation},
  author={Wicenec, A. and Knudstrup, J.},
  journal={The Messenger},
  volume={129},
  pages={27--31},
  year={2007}
}

@inproceedings{wicenec2004alma,
  title={The ALMA Archive: A Centralized System for Information Services},
  author={Wicenec, A. and Farrow, S. and Gaudet, S. and Hill, N. and Meuss, H. and Stirling, A.},
  booktitle={Astronomical Data Analysis Software and Systems (ADASS) XIII},
  volume={314},
  pages={93},
  year={2004}
}

@inproceedings{wiceneca2012mwa,
  title={The MWA Archive infrastructure: Archiving Terabytes of Data over Dedicated WAN Connections.},
  author={Wicenec, A. and Pallot, D. and Checcucci, A. and Kitaeff, S. and Vinsen, K. and Wu, C.},
  booktitle={Proc. of SPIE},
  volume={8451},
  pages={845118--1},
  year={2012}
}
 