@inproceedings{P037_adassxxi,
	author		= "Dowler, Patrick.",
	title		= "CAOM-2.0: The Inevitable Evolution of a Data Model",
	booktitle	= "ADASS XXI",
	year		= 2012,
	editor		= "Ballester, P.",
	volume		="TBD",
	series		= "ASP Conf. Ser.",
	pages		= 4,
	publisher	= "ASP",
	address		= "San Francisco",
}
