@string{apjl="ApJL"}
@string{apj="ApJ"}
@string{araa ="ARA\&A"}
@string{aj ="AJ"}
@string{mnras ="MNRAS"}
@string{aas="American Astronomical Society Meeting."}
@string{apjs="ApJS"}
@string{aass="A\&AS"}
@string {aap="A\&A"}
@string {aaps="A\&ASS"}
@string{jrasc="JRASC"}
@string{nature="Nature"}
@string{sciam="Scientific American"}
@string{astroph="astro-ph/"}
@string{pasp="PASP"}
@string{pasa="PASA"}
@string{TheMessenger="The Messenger"}
@string{inp="in preparation"}
@string {ACM="ACM"}

@ARTICLE{Sto,
   author = {{Stoughton}, C. and {Lupton}, R.~H. and {Bernardi}, M. and {Blanton}, M.~R. and 
	{Burles}, S. and {Castander}, F.~J. and {Connolly}, A.~J. and 
	et al.},
    title = "{Sloan Digital Sky Survey: Early Data Release}",
  journal = aj,
 keywords = {Atlases, Catalogs, Surveys},
     year = 2002,
    month = jan,
   volume = 123,
    pages = {485-548},
      doi = {10.1086/324741},
   adsurl = {http://adsabs.harvard.edu/abs/2002AJ....123..485S},
  adsnote = {Provided by the SAO/NASA Astrophysics Data System}
}

@ARTICLE{R06,
   author = {{Ross}, A.~J. and {Brunner}, R.~J. and {Myers}, A.~D. and et al.},
    title = "{Precision Measurements of Higher Order Angular Galaxy Correlations Using 11 Million SDSS Galaxies}",
  journal = apj,
 keywords = {Cosmology: Observations, Cosmology: Large-Scale Structure of Universe},
     year = 2006,
    month = sep,
   volume = 649,
    pages = {48-62},
      doi = {10.1086/506269},
   adsurl = {http://adsabs.harvard.edu/abs/2006ApJ...649...48R},
  adsnote = {Provided by the SAO/NASA Astrophysics Data System}
}

@ARTICLE{Scr,
   author = {{Scranton}, R. and {Johnston}, D. and {Dodelson}, S. and {Frieman}, J.~A. and 
	{Connolly}, A. and {Eisenstein}, D.~J. and {Gunn}, J.~E. and 
	et al.},
    title = "{Analysis of Systematic Effects and Statistical Uncertainties in Angular Clustering of Galaxies from Early Sloan Digital Sky Survey Data}",
  journal = apj,
 keywords = {Cosmology: Observations, Cosmology: Large-Scale Structure of Universe},
     year = 2002,
    month = nov,
   volume = 579,
    pages = {48-75},
      doi = {10.1086/342786},
   adsurl = {http://adsabs.harvard.edu/abs/2002ApJ...579...48S},
  adsnote = {Provided by the SAO/NASA Astrophysics Data System}
}


@BOOK{Peebles,
   author = {{Peebles}, P.~J.~E.},
    title = "{The large-scale structure of the universe}",
 keywords = {COSMOLOGY, GALACTIC CLUSTERS, GALACTIC EVOLUTION, UNIVERSE, ASTRONOMICAL MODELS, CORRELATION, MASS DISTRIBUTION, PARTICLE MOTION, RELATIVISTIC THEORY, STATISTICAL DISTRIBUTIONS},
booktitle = {Research supported by the National Science Foundation.~Princeton, N.J., Princeton University Press, 1980.~435 p.},
     year = 1980,
   publisher = {Princeton University Press, 1980.~435p.},
   adsurl = {http://adsabs.harvard.edu/abs/1980lssu.book.....P},
  adsnote = {Provided by the SAO/NASA Astrophysics Data System}
}

@ARTICLE{Peebles1973,
   author = {{Peebles}, P.~J.~E.},
    title = "{Statistical Analysis of Catalogs of Extragalactic Objects. I. Theory}",
  journal = apj,
     year = 1973,
    month = oct,
   volume = 185,
    pages = {413-440},
      doi = {10.1086/152431},
   adsurl = {http://adsabs.harvard.edu/abs/1973ApJ...185..413P},
  adsnote = {Provided by the SAO/NASA Astrophysics Data System}
}

@ARTICLE{Gorski05,
   author = {{G{\'o}rski}, K.~M. and {Hivon}, E. and {Banday}, A.~J. and 
	{Wandelt}, B.~D. and {Hansen}, F.~K. and {Reinecke}, M. and 
	{Bartelmann}, M.},
    title = "{HEALPix: A Framework for High-Resolution Discretization and Fast Analysis of Data Distributed on the Sphere}",
  journal = apj,
 keywords = {Cosmology: Cosmic Microwave Background, Cosmology: Observations, Methods: Statistical},
     year = 2005,
    month = apr,
   volume = 622,
    pages = {759-771},
      doi = {10.1086/427976},
   adsurl = {http://adsabs.harvard.edu/abs/2005ApJ...622..759G},
  adsnote = {Provided by the SAO/NASA Astrophysics Data System}
}

@ARTICLE{R11,
   author = {{Ross}, A.~J. and {Ho}, S. and {Cuesta}, A.~J. and {Tojeiro}, R. and 
	{Percival}, W.~J. and {Wake}, D. and {Masters}, K.~L. and et al.},
    title = "{Ameliorating systematic uncertainties in the angular clustering of galaxies: a study using the SDSS-III}",
  journal = mnras,
archivePrefix = "arXiv",
 primaryClass = "astro-ph.CO",
 keywords = {methods: statistical, large-scale structure of Universe},
     year = 2011,
    month = oct,
   volume = 417,
    pages = {1350-1373},
      doi = {10.1111/j.1365-2966.2011.19351.x},
   adsurl = {http://adsabs.harvard.edu/abs/2011MNRAS.417.1350R},
  adsnote = {Provided by the SAO/NASA Astrophysics Data System}
}

@ARTICLE{R07,
   author = {{Ross}, A.~J. and {Brunner}, R.~J. and {Myers}, A.~D.},
    title = "{Higher Order Angular Galaxy Correlations in the SDSS: Redshift and Color Dependence of Nonlinear Bias}",
  journal = apj,
archivePrefix = "arXiv",
   eprint = {0704.2573},
 keywords = {Cosmology: Observations, Stars: Formation},
     year = 2007,
    month = aug,
   volume = 665,
    pages = {67-84},
      doi = {10.1086/519020},
   adsurl = {http://adsabs.harvard.edu/abs/2007ApJ...665...67R},
  adsnote = {Provided by the SAO/NASA Astrophysics Data System}
}

@ARTICLE{Hayes12,
   author = {{Hayes}, B. and {Brunner}, R. and {Ross}, A.},
    title = "{The Sloan Digital Sky Survey Data Release 7 galaxy angular power spectrum}",
  journal = mnras,
 keywords = {methods: data analysis, galaxies: statistics, large-scale structure of Universe},
     year = 2012,
    month = apr,
   volume = 421,
    pages = {2043-2053},
      doi = {10.1111/j.1365-2966.2012.20440.x},
   adsurl = {http://adsabs.harvard.edu/abs/2012MNRAS.421.2043H},
  adsnote = {Provided by the SAO/NASA Astrophysics Data System}
}

@ARTICLE{York00,
   author = {{York}, D.~G. and {Adelman}, J. and {Anderson}, Jr., J.~E. and 
	{Anderson}, S.~F. and {Annis}, J. and {Bahcall}, N.~A. and {Bakken}, J.~A. and {SDSS Collaboration}},
    title = "{The Sloan Digital Sky Survey: Technical Summary}",
  journal = aj,
 keywords = {Cosmology: Observations, Instrumentation: Miscellaneous},
     year = 2000,
    month = sep,
   volume = 120,
    pages = {1579-1587},
      doi = {10.1086/301513},
   adsurl = {http://adsabs.harvard.edu/abs/2000AJ....120.1579Y},
  adsnote = {Provided by the SAO/NASA Astrophysics Data System}
}

@ARTICLE{Aba09,
   author = {{Abazajian}, K.~N. and {Adelman-McCarthy}, J.~K. and {Ag{\"u}eros}, M.~A. and 
	{Allam}, S.~S. and {Allende Prieto}, C. and {An}, D. and {Anderson}, K.~S.~J. and 
	et al.},
    title = "{The Seventh Data Release of the Sloan Digital Sky Survey}",
  journal = apjs,
archivePrefix = "arXiv",
 keywords = {atlases, catalogs, surveys},
     year = 2009,
    month = jun,
   volume = 182,
    pages = {543-558},
      doi = {10.1088/0067-0049/182/2/543},
   adsurl = {http://adsabs.harvard.edu/abs/2009ApJS..182..543A},
  adsnote = {Provided by the SAO/NASA Astrophysics Data System}
}

@ARTICLE{Wang13,
   author = {{Wang}, Y. and {Brunner}, R.~J. and {Dolence}, J.~C.},
    title = "{The SDSS Galaxy Angular Two-Point Correlation Function}",
  journal = {in prep.},
     year = 2013
}

@ARTICLE{DES05,
   author = {{The Dark Energy Survey Collaboration}},
    title = "{The Dark Energy Survey}",
  journal = {ArXiv Astrophysics e-prints},
 keywords = {Astrophysics},
     year = 2005,
    month = oct,
   adsurl = {http://adsabs.harvard.edu/abs/2005astro.ph.10346T},
  adsnote = {Provided by the SAO/NASA Astrophysics Data System}
}


@INPROCEEDINGS{LSST02,
   author = {{Tyson}, J.~A.},
    title = "Large Synoptic Survey Telescope: Overview",
     year = 2002,
   series = {Society of Photo-Optical Instrumentation Engineers (SPIE) Conference Series},
   volume = 4836,
   editor = {{Tyson}, J.~A. and {Wolff}, S.},
    month = dec,
    pages = {10-20},
      doi = {10.1117/12.456772},
   adsurl = {http://adsabs.harvard.edu/abs/2002SPIE.4836...10T},
  adsnote = {Provided by the SAO/NASA Astrophysics Data System}
}

