@techreport{flexible_path,
        author="D. J. Korsmeyer and R. Landis and R. G. Merrill and D. D. Mazanek and R.D. Falck and R. B. Adams", 
        title="Flexible Path for Human and Robotic Space Exploration",
	institution="National Aeronautics and Space Administration",
	year="2010"
}

@inproceedings{cscview,
 	author="D. van Stone and P. Harbo and M. Tibbetts and P. Zografou",
	title= "CSCview: A Graphical User Interface to the Chandra Source Catalog",
        booktitle       = "Astronomical Data Analysis Software and Systems XX",
        year            = 2010,
 	editor="Ian N. Evans and Alberto Accomazzi and Douglas J. Mink and Arnold H. Rots",
	volume="442",
        series="Astronomical Society of the Pacific Conference Series",
        pages           = 649,
        publisher	= "ASP",
	address		= "San Francisco, CA",
}

