

@ARTICLE{McLeod+12,
   author = {{McLeod}, B. and {Fabricant}, D. and {Nystrom}, G. and
{McCracken}, K. and {Amato}, S. and {Bergner}, H. and {Brown}, W. and
{Burke}, M. and {Chilingarian}, I. and {Conroy}, M. and {Curley}, D. and
{Furesz}, G. and {Geary}, J. and {Hertz}, E. and {Martini}, P. and
{Matthews}, A. and {Norton}, T. and {Park}, S. and {Roll}, J.},
    title = {MMT and Magellan Infrared Spectrograph},
  journal = {accepted to \pasp},
   eprint = {arXiv:1211.6174},
     year = 2012,
    month = nov,
}


@ARTICLE{vanDokkum01,
   author = {{van Dokkum}, P.~G.},
    title = {Cosmic-Ray Rejection by Laplacian Edge Detection},
  journal = {\pasp},
   eprint = {arXiv:astro-ph/0108003},
     year = 2001,
    month = nov,
   volume = 113,
    pages = {1420--1427},
}

@ARTICLE{Kelson03,
   author = {{Kelson}, D.~D.},
    title = {Optimal Techniques in Two-dimensional Spectroscopy: Background Subtraction for the 21st Century},
  journal = {\pasp},
   eprint = {arXiv:astro-ph/0303507},
     year = 2003,
    month = jun,
   volume = 115,
    pages = {688--699},
}

@INPROCEEDINGS{CBLM06,
   author = {{Chilingarian}, I. and {Bonnarel}, F. and {Louys}, M. and {McDowell}, J.
        },
    title = {Handling 3D data in the Virtual Observatory},
booktitle = {Astronomical Data Analysis Software and Systems XV},
     year = 2006,
   series = {Astronomical Society of the Pacific Conference Series},
   volume = 351,
   editor = {{Gabriel}, C. and {Arviset}, C. and {Ponz}, D. and {Enrique}, S.
        },
    month = jul,
    pages = {371},
}

@INPROCEEDINGS{Chilingarian+08b,
   author = {{Chilingarian}, I. and {Bonnarel}, F. and {Louys}, M. and {Zolotukhin}, I. and 
        {Royer}, F. and {Jegouzo}, I. and {Le Sidaner}, P. and {Fernique}, P. and 
        {Boch}, T.},
    title = {3D Spectroscopy in the Virtual Observatory: Current Status},
booktitle = {Astronomical Spectroscopy and Virtual Observatory},
     year = 2008,
archivePrefix = "arXiv",
   eprint = {arXiv:0711.0412},
   editor = "{M.~Guainazzi \& P.~Osuna}",
    month = oct,
    pages = {125-+}
}

