@ARTICLE{shels_2005,
   author = {{Geller}, M.~J. and {Dell'Antonio}, I.~P. and {Kurtz}, M.~J. and 
	{Ramella}, M. and {Fabricant}, D.~G. and {Caldwell}, N. and 
	{Tyson}, J.~A. and {Wittman}, D.},
    title = "{SHELS: The Hectospec Lensing Survey}",
  journal = {\apjl},
   eprint = {arXiv:astro-ph/0510351},
 keywords = {galaxies: clusters: individual (CXOU J092026+302938), galaxies: clusters:
individual (CXOU J092053+302800), galaxies: clusters: individual (CXOU J092110+302751),
Galaxies: Distances and Redshifts, Cosmology: Gravitational Lensing, Cosmology:
Large-Scale Structure of Universe},
     year = 2005,
    month = dec,
   volume = 635,
    pages = {L125-L128},
      doi = {10.1086/499399},
   adsurl = {http://adsabs.harvard.edu/abs/2005ApJ...635L.125G},
  adsnote = {Provided by the SAO/NASA Astrophysics Data System}
}

@INPROCEEDINGS{xcsao_1991,
   author = {{Kurtz}, M.~J. and {Mink}, D.~J. and {Wyatt}, W.~F. and {Fabricant}, D.~G.
and 
	{Torres}, G. and {Kriss}, G.~A. and {Tonry}, J.~L.},
    title = "{XCSAO: A Radial Velocity Package for the IRAF Environment}",
booktitle = {Astronomical Data Analysis Software and Systems I},
     year = 1992,
   series = {Astronomical Society of the Pacific Conference Series},
   volume = 25,
   editor = {{Worrall}, D.~M. and {Biemesderfer}, C. and {Barnes}, J.},
    pages = {432},
   adsurl = {http://adsabs.harvard.edu/abs/1992ASPC...25..432K},
  adsnote = {Provided by the SAO/NASA Astrophysics Data System}
}

@ARTICLE{1998PASP..110..934K,
   author = {{Kurtz}, M.~J. and {Mink}, D.~J.},
    title = "{RVSAO 2.0: Digital Redshifts and Radial Velocities}",
  journal = {\pasp},
   eprint = {arXiv:astro-ph/9803252},
 keywords = {INSTRUMENTATION: SPECTROGRAPHS, METHODS: DATA ANALYSIS,
TECHNIQUES: RADIAL VELOCITIES},
     year = 1998,
    month = aug,
   volume = 110,
    pages = {934-977},
      doi = {10.1086/316207},
   adsurl = {http://adsabs.harvard.edu/abs/1998PASP..110..934K},
  adsnote = {Provided by the SAO/NASA Astrophysics Data System}
}

@INPROCEEDINGS{1995ASPC...77..496M,
   author = {{Mink}, D.~J. and {Wyatt}, W.~F.},
    title = "{EMSAO: Radial Velocities from Emission Lines in Spectra}",
booktitle = {Astronomical Data Analysis Software and Systems IV},
     year = 1995,
   series = {Astronomical Society of the Pacific Conference Series},
   volume = 77,
   editor = {{Shaw}, R.~A. and {Payne}, H.~E. and {Hayes}, J.~J.~E.},
    pages = {496},
   adsurl = {http://adsabs.harvard.edu/abs/1995ASPC...77..496M},
  adsnote = {Provided by the SAO/NASA Astrophysics Data System}
}

@INPROCEEDINGS{2011ASPC..442..305M,
   author = {{Mink}, D.~J.},
    title = "{Data Pipelines for the TRES Echelle Spectrograph}",
booktitle = {Astronomical Data Analysis Software and Systems XX},
     year = 2011,
   series = {Astronomical Society of the Pacific Conference Series},
   volume = 442,
   editor = {{Evans}, I.~N. and {Accomazzi}, A. and {Mink}, D.~J. and {Rots}, A.~H.
	},
    month = jul,
    pages = {305},
   adsurl = {http://adsabs.harvard.edu/abs/2011ASPC..442..305M},
  adsnote = {Provided by the SAO/NASA Astrophysics Data System}
}

@INPROCEEDINGS{2007ASPC..376..249M,
   author = {{Mink}, D.~J. and {Wyatt}, W.~F. and {Caldwell}, N. and {Conroy}, M.~A. and {Furesz}, G. and {Tokarz}, S.~P.},
    title = "{Automating Reduction of Multifiber Spectra from the MMT Hectospec and Hectochelle}",
booktitle = {Astronomical Data Analysis Software and Systems XVI},
     year = 2007,
   series = {Astronomical Society of the Pacific Conference Series},
   volume = 376,
   editor = "{R.~A.~Shaw, F.~Hill, \& D.~J.~Bell}",
    month = oct,
    pages = {249-+},
   adsurl = {http://adsabs.harvard.edu/abs/2007ASPC..376..249M},
  adsnote = {Provided by the SAO/NASA Astrophysics Data System}
}

@INPROCEEDINGS{2011AAS...21715303O,
   author = {{Otto}, E. and {Green}, P. and {Mink}, D.},
    title = "{A New Digital S Star Atlas and Its Uses}",
booktitle = {American Astronomical Society Meeting Abstracts \#217},
     year = 2011,
   series = {Bulletin of the American Astronomical Society},
   volume = 43,
    month = jan,
    pages = {153.03},
   adsurl = {http://adsabs.harvard.edu/abs/2011AAS...21715303O},
  adsnote = {Provided by the SAO/NASA Astrophysics Data System}
}


@INPROCEEDINGS{1997ASPC..125..140T,
   author = {{Tokarz}, S.~P. and {Roll}, J.},
    title = "{RoadRunner: an Automated Reduction System for Long Slit Spectroscopic Data}",
booktitle = {Astronomical Data Analysis Software and Systems VI},
     year = 1997,
   series = {Astronomical Society of the Pacific Conference Series},
   volume = 125,
   editor = "{G.~Hunt \& H.~Payne}",
    pages = {140-+},
   adsurl = {http://adsabs.harvard.edu/abs/1997ASPC..125..140T},
  adsnote = {Provided by the SAO/NASA Astrophysics Data System}
}

@INPROCEEDINGS{1992ASPC...25..417V,
   author = {{Valdes}, F.},
    title = "{The IRAF Spectroscopy Reduction Packages and Tasks}",
booktitle = {Astronomical Data Analysis Software and Systems I},
     year = 1992,
   series = {Astronomical Society of the Pacific Conference Series},
   volume = 25,
   editor = "{D.~M.~Worrall, C.~Biemesderfer, \& J.~Barnes}",
    pages = {417-+},
   adsurl = {http://adsabs.harvard.edu/abs/1992ASPC...25..417V},
  adsnote = {Provided by the SAO/NASA Astrophysics Data System}
}
