@techreport{samp1.3,
  author = "Taylor, M. B. and Boch, T. and Fitzpatrick, M. and Allan, A.
            and Paioro, L. and Taylor, J. and Fay, J.",
  title = "Simple Application Messaging Protocol, Version 1.3",
  institution = "IVOA Recommendation",
  year = 2012,
}

@inproceedings{taylor2011,
  author = "Taylor, M. B. and Boch, T. and Fay, J. and Fitzpatrick, M.
            and Paioro, L.",
  booktitle = "ADASS XXI",
  year = 2011,
  editor = "Ballester, P. and Egret, D. and Lorente, N. P. F.",
  volume = "461",
  series = "ASP Conf. Ser.",
  pages = "279",
  publisher = "ASP",
  address = "San Francisco",
}

@inproceedings{O30_adassxxii,
  author = "Tollerud, E. and Greenfield, P. and Robitaille, T.",
  booktitle = "ADASS XXII",
  year = 2012,
  editor = "Friedel, D. and Plante, R.",
  volume = "TBD",
  series = "ASP Conf. Ser.",
  pages = "TBD",
  publisher = "ASP",
  address ="San Francisco",
}

@INPROCEEDINGS{2012ASPC..461..893D,
   author = {{Doe}, S. and {Bonaventura}, N. and {Busko}, I. and
        {D'Abrusco}, R. and
        {Cresitello-Dittmar}, M. and {Ebert}, R. and {Evans}, J. and
        {Laurino}, O. and {McDowell}, J. and {Pevunova}, O. and {Refsdal}, B.},
    title = "{Iris: The VAO SED Application}",
booktitle = {ADASS XXI},
     year = 2012,
   series = {ASP Conf. Ser.},
   volume = 461,
   editor = {{Ballester}, P. and {Egret}, D. and {Lorente}, N.~P.~F.},
    month = sep,
    pages = {893},
   adsurl = {http://adsabs.harvard.edu/abs/2012ASPC..461..893D},
  adsnote = {Provided by the SAO/NASA Astrophysics Data System}
}

@INPROCEEDINGS{2007ASPC..376..543D,
   author = {{Doe}, S. and {Nguyen}, D. and {Stawarz}, C. and {Refsdal}, B.
and
        {Siemiginowska}, A. and {Burke}, D. and {Evans}, I. and {Evans}, J.
and
        {McDowell}, J. and {Houck}, J. and {Nowak}, M.},
    title = "{Developing Sherpa with Python}",
booktitle = {ADASS XVI},
     year = 2007,
   series = {ASP Conf. Ser.},
   volume = 376,
   editor = {{Shaw}, R.~A. and {Hill}, F. and {Bell}, D.~J.},
    month = oct,
    pages = {543},
   adsurl = {http://adsabs.harvard.edu/abs/2007ASPC..376..543D},
  adsnote = {Provided by the SAO/NASA Astrophysics Data System}
}

@INPROCEEDINGS{2000ASPC..216...79B,
   author = {{Busko}, I.},
    title = "{SPECVIEW: An Interactive Java Tool for Visualization and
             Analysis of Spectral Data}",
booktitle = {ADASS IX},
     year = 2000,
   series = {ASP Conf. Ser.},
   volume = 216,
   editor = {{Manset}, N. and {Veillet}, C. and {Crabtree}, D.},
    pages = {79},
   adsurl = {http://adsabs.harvard.edu/abs/2000ASPC..216...79B},
  adsnote = {Provided by the SAO/NASA Astrophysics Data System}
}

