@inproceedings{D5_adassxxii,
	author		= "{Shirasaki}, Y. and others",
	booktitle	= "ADASS XXII",
	year		= 2012,
	editor		= "Friedel, D. and Plante, R.",
	volume		= "TBD",
	series		= "ASP Conf. Ser.",
	pages		= "TBD",
	publisher	= "ASP",
	address		= "San Francisco"
}

@inproceedings{P047_adassxxii,
	author		= "{Kawasaki}, W. and others",
	booktitle	= "ADASS XXII",
	year		= 2012,
	editor		= "Friedel, D. and Plante, R.",
	volume		= "TBD",
	series		= "ASP Conf. Ser.",
	pages		= "TBD",
	publisher	= "ASP",
	address		= "San Francisco"
}
