@article{awodey_2009,
        author          = "Awodey, S. and Warren, M.A.",
        title           = "",
        journal         = "Math. Proc. Camb. Phil. Soc.",
        year            = 2009,
        volume          = 146,
        pages           = 45,
}

@article{guitart_2012,
        author          = "Guitart, R.",
        title           = "",
        journal         = "Logica Universalis",
        year            = 2012,
        volume          = 6, 
        pages           = 119,
}
