@article{Herbst_2009,
	author		= "Herbst, E. and van Dishoeck, E.F.",
	title		= "",
	journal		= "AR\&A",
	year		= 2009,
	volume		= 47,
	pages		= 427,
}

@article{Garrod_2008,
	author		= "Garrod, R.T. and Widiucs Weaver, S.L. and Herbst, E.",
	title		= "",
	journal		= "ApJ",
	year		= 2008,
	volume		= 682,
	pages		= 283,
}

@article{Laas_2011,
	author		= "Laas, J.C. and Garrod, R.T. and Herbst, E. and Widicus Weaver, S.L.",
	title		= "",
	journal		= "ApJ",
	year		= 2011,
	volume		= 728,
	pages		= 71,
}

@article{Muller_2005,
	author		= "Muller, H.S.P. and Schloder, F. and Stutzki, J. and Winnewisser, G.",
	title		= "",
	journal		= "J. Mol. Struct.",
	year		= 2005,
	volume		= 742,
	pages		= 215,
}

@article{NummelinAA_1998,
	author		= "Nummelin, A. and Dickens, J.E. and Bergman, P. and Hjalmarson, \AA. and Irvine and W.M. and Ikeda, M. and Ohishi, M.",
	title		= "",
	journal		= "Astron. Astrophys.",
	year		= 1998,
	volume		= 337,
	pages		= 275,
}

@article{NummelinApJS_1998,
	author		= "Nummelin, A. and Bergman, P. and Hjalmarson, \AA. and Friedberg, P. and Irvine, W.M. and Miller, T.J. and Ohishi, M. and Sato, S.",
	title		= "",
	journal		= "ApJS",
	year		= 1998,
	volume		= 117,
	pages		= 427,
}

@article{Pickett_1998,
	author		= "Pickett, H.M. and Poynter, R.L. and Cohen, E.A. and Delitsky, M.L. and Pearson, J.C. and Muller and H.S.P.",
	title		= "",
	journal		= "J. Quant. Spectrosc. Radiat. Transfer",
	year		= 1998,
	volume		= 60,
	pages		= 883,
}

@article{vanderTak_2007,
	author		= "van der Tak, F.F.S. and Black, J.H. and Schloier, F.L. and Jansen, D.J. and van Dishoeck, E.F.",
	title		= "",
	journal		= "Astron. Astrophys.",
	year		= 2007,
	volume		= 468,
	pages		= 627,
}

@article{Carroll_2010,
	author		= "Carrol, P.B. and Drouin, B.J. and Widicus Weaver, S.L.",
	title		= "",
	journal		= "ApJ",
	year		= 2010,
	volume		= 723,
	pages		= 845,
}

@manual{MATLAB,
	author		= "MathWorks",
	title		= "Global Optimization Toolbox: Direct Search: patternsearch User's Guide (R2012b). Retrieved November 1, 2012 from http://www.mathworks.com/help/gads/patternsearch.html",
	year		= 2012,
}