@INPROCEEDINGS{2011ASPC..442..203E,
   author = {{Economou}, F. and others},
    title = "{The JSA and the Grid: How ''Infinite'' Computing Power Enables a New Archive Model for PI-led Observatories}",
booktitle = {Astronomical Data Analysis Software and Systems XX},
     year = 2011,
   series = {Astronomical Society of the Pacific Conference Series},
   volume = 442,
   editor = {{Evans}, I.~N. and {Accomazzi}, A. and {Mink}, D.~J. and {Rots}, A.~H.},
    month = jul,
    pages = {203},
   adsurl = {http://adsabs.harvard.edu/abs/2011ASPC..442..203E},
  adsnote = {Provided by the SAO/NASA Astrophysics Data System},
   publisher = {ASP},
   address = "San Francisco"
}
