@INPROCEEDINGS{2003SPIE.4841..962S,
   author = {{Seifert}, W. and {Appenzeller}, I. and {Baumeister}, H. and 
  {Bizenberger}, P. and {Bomans}, D. and {Dettmar}, R.-J. and 
  {Grimm}, B. and {Herbst}, T. and {Hofmann}, R. and {Juette}, M. and 
  {Laun}, W. and {Lehmitz}, M. and {Lemke}, R. and {Lenzen}, R. and 
  {Mandel}, H. and {Polsterer}, K. and {Rohloff}, R.-R. and {Schuetze}, A. and 
  {Seltmann}, A. and {Thatte}, N.~A. and {Weiser}, P. and {Xu}, W.
  },
    title = "{LUCIFER: a Multi-Mode NIR Instrument for the LBT}",
booktitle = {Society of Photo-Optical Instrumentation Engineers (SPIE) Conference Series},
     year = 2003,
   series = {Society of Photo-Optical Instrumentation Engineers (SPIE) Conference Series},
   volume = 4841,
   editor = {{Iye}, M. and {Moorwood}, A.~F.~M.},
    month = mar,
    pages = {962-973},
      doi = {10.1117/12.459494},
   adsurl = {http://adsabs.harvard.edu/abs/2003SPIE.4841..962S},
  adsnote = {Provided by the SAO/NASA Astrophysics Data System}
}

@PhdThesis{polsterer:2011,
    AUTHOR = {{Polsterer}, Kai Lars},
     TITLE = {{The LUCIFER Control Software: The Core System, Instrument Control and Scientific Applications}},
    SCHOOL = {Fakult\"at f\"ur Physik und Astronomie der Ruhr-Universit\"at Bochum},
      YEAR = {2011}
}
