@article{how89,
	author	= "Howell, S. B.",
	title		= "Two-dimensional aperture photometry - Signal-to-noise ratio of point-source observations and optimal data-extraction techniques",
	journal	= "PASP",
	year		= "1989",
	volume	= "101",
	pages	= "616",
}

@article{kim09,
	author	= "Kim, D.-W., Protopapas, P., Alcock, C., Byun, Y. I., \& Bianco, F.",
	title		= "Detrending time series for astronomical variability surveys",
	journal	= "MNRAS",
	year		= "2009",
	volume	= "397",
	pages	= "558",
}

@article{kim10,
	author	= "Kim, D.-W., et al.",
	title		= "The Taiwan-American Occultation Survey Project Stellar Variability. I. Detection of Low-Amplitude ¥ä Scuti Star",
	journal	= "AJ",
	year		= "2010",
	volume	= "139",
	pages	= "757",
}
\bibitem[Kim et al.(2010)]{kim10} Kim, D.-W., et al. 2010, \aj, 139, 757
@article{kov05,
	author	= "Kov\'{a}cs, G., Bakos, G., \& Noyes, R. W.",
	title		= "A trend filtering algorithm for wide-field variability surveys",
	journal	= "MNRAS",
	year		= "2005",
	volume	= "356",
	pages	= "557",
}

@article{pon06,
	author	= "Pont, F., Zucker, S., \& Queloz, D.",
	title		= "The effect of red noise on planetary transit detection",
	journal	= "MNRAS",
	year		= "2006",
	volume	= "373",
	pages	= "231",
}

@article{sts90,
	author	= "Stetson, P. B.",
	title		= "On the growth-curve method for calibrating stellar photometry with CCDs",
	journal	= "PASP",
	year		= "1990",
	volume	= "102",
	pages	= "932",
}

@article{tam05,
	author	= "Tamuz, O., Mazeh, T., \& Zucker, S.",
	title		= "Correcting systematic effects in a large set of photometric light curves",
	journal	= "MNRAS",
	year		= "2005",
	volume	= "356",
	pages	= "1466",
}