@inproceedings{molinaro_spie12,
 		author 	= "Molinaro, M. and Knapic, C. and Smareglia, R.",
 		title  = "The VO-Dance web application at the IA2 data center",
  	booktitle 	= "SPIE Astronomical Instrumentation and Telescopes - Software and CyberInfrastructure for Astronomy II",
  	year 	= 2012,
  	editor 	= "Radziwill, N. M. and Chiozzi, G.",
  	volume 	= "8451",
  	series 	= "SPIE Proceedings",
}

@inproceedings{knapic_adassxxi,
 		author 	= "Knapic, C. and Smareglia, R.",
 		title  = "From LBT to TNG: an easy way to inherit archiving system",
  	booktitle 	= "ADASS XXI",
  	year 	= 2012,
  	editor 	= "Ballester, P. and Egret, D.",
  	volume 	= "TBD",
  	series 	= "ASP Conf. Ser.",
  	pages 	= "TBD",
  	publisher 	= "ASP",
  	address 	="San Francisco",
}