@article{RubenPerez1,
	author		= "Ruben F. Perez, Oscar Perez, Oscar Portela",
	title		= "Evaluation model for long term data archiving systems in the context of Earth Observation",
	journal		= "Symposium on Mass Storage Systems and Technologies (MSST), IEEE 27th",
	year		= 2011,
}

@book{soa1,
	author		= "Dirk Krafzig, Karl Banke, Dirk Slama",
	title		= "Enterprise SOA: Service-Oriented Architecture Best Practices",
	edition		= "1st",
	publisher	= "Prentice Hall PTR",
	address		= "Maryland",
	year		= 2004,
}

@book{soa2,
	author		= "Nicolai M. Josuttis",
	title		= "SOA in Practice: The art of Distributed System Design",
	edition		= "1st",
	publisher	= "O'Reilly Media",
	address		= "Sebastopol",
	year		= 2007,
}

@inproceedings{vallejo11,
	author		= "Juan C. Vallejo, Oscar Perez, Rafael Vazquez",
	title		= "Preservation of Operational Science Processing in the XMM-Newton mission",
	booktitle	= "ADASS XXII",
	year		= 2012,
	editor		= "D. Friedel and R. Plante",
	volume		= TBD,
	series		= "ASP Conf. Ser.",
	pages		= TBD,
	publisher	= "ASP",
	address		= "San Francisco",
}



