@article{LSL, 
	author = "J. Dowell and others",
	title = "",
	journal = "JAI",
	year = 2012,
	volume = "accepted",
}

@article{LWA,
        author          = "S. Ellingson and others",
        title           = "",
        journal         = "Proc. IEEE",
        year            = 2009,
        volume          = 97,
        pages           = 1421,
}

@article{FL, 
	author = "G. Taylor and others", 
	title = "", 
	journal  = "JAI", 
	year = 2012,
	volume = "accepted",
}

@article{PyCUDA,
	author = "A. Kl{\"o}ckner and others",
	title = "PyCUDA and PyOpenCL: A Scripting-Based Approach to GPU Run-Time Code Generation",
	journal = "Parallel Computing",
	year = 2012,
	volume = 38,
	pages = 157,
}

@inproceedings{CASA,
	author = "J. McMullin and others",
	booktitle = "Astronomical Data Analysis Software and Systems XVI",
	year = 2007, 
	editor = " R. A. Shaw and F. Hill and D. J. Bell",
	series = "Astronomical Society of the Pacific Conference Series", 
	volume = 376, 
	pages = 127,
}

@article{Numpy, 
	author = "T. Oliphant",
	title = "",   
	journal = "Computing in Science \& Engineering",
	year = 2007,
	volume =  9,
	pages = 90,
}

@article{GSM,
	author = "A. de Oliveira-Costa and others", 
	year = 2008, 
	journal = "MNRAS",
	volume = 388, 
	pages = 247,
}

