@ARTICLE{herter12,
   author = {{Herter}, T.~L. and {Adams}, J.~D. and {De Buizer}, J.~M. and 
	{Gull}, G.~E. and {Schoenwald}, J. and {Henderson}, C.~P. and 
	{Keller}, L.~D. and {Nikola}, T. and {Stacey}, G. and {Vacca}, W.~D.
	},
    title = "{First Science Observations with SOFIA/FORCAST: The FORCAST Mid-infrared Camera}",
  journal = {\apjl},
archivePrefix = "arXiv",
   eprint = {1202.5021},
 primaryClass = "astro-ph.IM",
 keywords = {infrared: general, instrumentation: detectors, telescopes },
     year = 2012,
    month = apr,
   volume = 749,
      eid = {L18},
    pages = {L18},
      doi = {10.1088/2041-8205/749/2/L18},
   adsurl = {http://adsabs.harvard.edu/abs/2012ApJ...749L..18H},
  adsnote = {Provided by the SAO/NASA Astrophysics Data System}
}

@inproceedings{P050_adassxxii,
author = "Shuping, Ralph and Vacca, William and Lin, Lan and Sun, Li and Krzaczek, Robert",
booktitle = "ADASS XXII",
year = 2012,
editor = "Friedel, D. and Plante, R.",
volume = "TBD",
series = "ASP Conf. Ser.",
pages = "TBD",
publisher = "ASP",
address ="San Francisco",
}

@INPROCEEDINGS{staguhn06,
   author = {{Staguhn}, J.~G. and {Benford}, D.~J. and {Allen}, C.~A. and 
	{Moseley}, S.~H. and {Sharp}, E.~H. and {Ames}, T.~J. and {Brunswig}, W. and 
	{Chuss}, D.~T. and {Dwek}, E. and {Maher}, S.~F. and {Marx}, C.~T. and 
	{Miller}, T.~M. and {Navarro}, S. and {Wollack}, E.~J.},
    title = "{GISMO: a 2-millimeter bolometer camera for the IRAM 30 m telescope}",
booktitle = {Society of Photo-Optical Instrumentation Engineers (SPIE) Conference Series},
     year = 2006,
   series = {Society of Photo-Optical Instrumentation Engineers (SPIE) Conference Series},
   volume = 6275,
    month = jul,
      doi = {10.1117/12.671970},
   adsurl = {http://adsabs.harvard.edu/abs/2006SPIE.6275E..44S},
  adsnote = {Provided by the SAO/NASA Astrophysics Data System},
}

@article{abt_1990,
	author		= {{Abt}, H.},
	title		= "",
	journal		= {ApJ},
	year		= 1990,
	volume		= 357,
	pages		= 1,
}

@book{butcher_2006,
	author		= "Butcher, Judith",
	title		= "Butcher's Copy-editing:  The Cambridge Handbook for Editors, Copy-editors and Proofreaders",
	edition		= "4th",
	publisher	= "Cambridge University Press",
	address		= "Cambridge",
	year		= 2006,
}

@phdthesis{capak_phdthesis,
	author		= "Capak, P.",
	title		= "PhD Thesis",
	school		= "University of Hawaii",
	year		= 2003,
}

@manual{daly_2007,
	author		= "Daly, Patrick W.",
	title		= "Natural Sciences Citations and References (Author--Year and Numerical Schemes), Version 8.1",
	year		= 2007,
}

@inproceedings{de_vaucouleurs_1964,
	author		= "de Vaucouleurs, G.",
	title		= "",
	booktitle	= "The Galaxy and the Magellanic Clouds",
	year		= 1964,
	editor		= "Kerr, F. J.",
	volume		= 20,
	series		= "IAU Symp.",
	pages		= 195,
	publisher	= "Reidel",
	address		= "Dordrecht",
}

@proceedings{kerr_1964,
	title		= "The Galaxy and the Magellanic Clouds",
	year		= 1964,
	editor		= "Kerr, F. J.",
	series		= "IAU Symp.",
	volume		= "20",
	publisher	= "Reidel",
	address		= "Dordrecht",
}

@techreport{example_2010,
  author  = "Example Author",
  title   = "Example Tech Report",
  institution = "Example Institution",
  year = "2010",
  number = "1",
}
 