@article{Healpix,
   author = {{G{\'o}rski}, K.~M. and {Hivon}, E. and {Banday}, A.~J. and 
	{Wandelt}, B.~D. and {Hansen}, F.~K. and {Reinecke}, M. and 
	{Bartelmann}, M.},
    title = "{HEALPix: A Framework for High-Resolution Discretization and Fast Analysis of Data Distributed on the Sphere}",
  journal = {\apj},
   eprint = {arXiv:astro-ph/0409513},
 keywords = {Cosmology: Cosmic Microwave Background, Cosmology: Observations, Methods: Statistical},
     year = 2005,
    month = apr,
   volume = 622,
    pages = {759-771},
      doi = {10.1086/427976},
   adsurl = {http://adsabs.harvard.edu/abs/2005ApJ...622..759G},
  adsnote = {Provided by the SAO/NASA Astrophysics Data System}
}

@article{HTM,
   author = {{Szalay}, A.~S. and {Gray}, J. and {Fekete}, G. and {Kunszt}, P.~Z. and 
	{Kukol}, P. and {Thakar}, A.},
    title = "{Indexing the Sphere with the Hierarchical Triangular Mesh}",
  journal = {eprint arXiv:cs/0701164},
   eprint = {arXiv:cs/0701164},
 keywords = {Computer Science - Databases, Computer Science - Data Structures and Algorithms},
     year = 2007,
    month = jan,
   adsurl = {http://adsabs.harvard.edu/abs/2007cs........1164S},
  adsnote = {Provided by the SAO/NASA Astrophysics Data System}
}

@inproceedings{quadtreee,
   author = {{Koposov}, S. and {Bartunov}, O.},
    title = "{Q3C, Quad Tree Cube -- The new Sky-indexing Concept for Huge Astronomical Catalogues and its Realization for Main Astronomical Queries (Cone Search and Xmatch) in Open Source Database PostgreSQL}",
booktitle = {Astronomical Data Analysis Software and Systems XV},
     year = 2006,
   series = {Astronomical Society of the Pacific Conference Series},
   volume = 351,
   editor = {{Gabriel}, C. and {Arviset}, C. and {Ponz}, D. and {Enrique}, S.
	},
    month = jul,
    pages = {735},
   adsurl = {http://adsabs.harvard.edu/abs/2006ASPC..351..735K},
  adsnote = {Provided by the SAO/NASA Astrophysics Data System}
}

@article{STC,
   author = {{Rots}, A.~H.},
    title = "{IVOA Recommendation: Space-Time Coordinate Metadata for the Virtual Observatory Version 1.33}",
  journal = {ArXiv e-prints},
archivePrefix = "arXiv",
   eprint = {1110.0504},
 primaryClass = "astro-ph.IM",
 keywords = {Astrophysics - Instrumentation and Methods for Astrophysics},
     year = 2011,
    month = oct,
   adsurl = {http://adsabs.harvard.edu/abs/2011arXiv1110.0504R},
  adsnote = {Provided by the SAO/NASA Astrophysics Data System}
}

@inproceedings{Fernique,
   author = {{Fernique}, P. and {Oberto}, A. and {Boch}, T. and {Bonnarel}, F.  },
    title = "{Another Way to Explore the Sky: HEALPix Usage in Aladin Full Sky Mode}",
booktitle = {Astronomical Data Analysis Software and Systems XIX},
     year = 2010,
   series = {Astronomical Society of the Pacific Conference Series},
   volume = 434,
   editor = {{Mizumoto}, Y. and {Morita}, K.-I. and {Ohishi}, M.},
    month = dec,
    pages = {163},
   adsurl = {http://adsabs.harvard.edu/abs/2010ASPC..434..163F},
  adsnote = {Provided by the SAO/NASA Astrophysics Data System}
}

@book{butcher_2006,
	author		= "Butcher, Judith",
	title		= "Butcher's Copy-editing:  The Cambridge Handbook for Editors, Copy-editors and Proofreaders",
	edition		= "4th",
	publisher	= "Cambridge University Press",
	address		= "Cambridge",
	year		= 2006,
}

@phdthesis{capak_phdthesis,
	author		= "Capak, P.",
	title		= "PhD Thesis",
	school		= "University of Hawaii",
	year		= 2003,
}

@manual{daly_2007,
	author		= "Daly, Patrick W.",
	title		= "Natural Sciences Citations and References (Author--Year and Numerical Schemes), Version 8.1",
	year		= 2007,
}

@inproceedings{de_vaucouleurs_1964,
	author		= "de Vaucouleurs, G.",
	title		= "",
	booktitle	= "The Galaxy and the Magellanic Clouds",
	year		= 1964,
	editor		= "Kerr, F. J.",
	volume		= 20,
	series		= "IAU Symp.",
	pages		= 195,
	publisher	= "Reidel",
	address		= "Dordrecht",
}

@proceedings{kerr_1964,
	title		= "The Galaxy and the Magellanic Clouds",
	year		= 1964,
	editor		= "Kerr, F. J.",
	series		= "IAU Symp.",
	volume		= "20",
	publisher	= "Reidel",
	address		= "Dordrecht",
}

@techreport{example_2010,
  author  = "Example Author",
  title   = "Example Tech Report",
  institution = "Example Institution",
  year = "2010",
  number = "1",
}
 
