
@INPROCEEDINGS{2007ASPC..376..543D,
   author = {{Doe}, S. and others},
    title = {{D}eveloping {S}herpa with {P}ython},
booktitle = {Astronomical Data Analysis Software and Systems XVI},
     year = 2007,
   series = {\aspcs},
   volume = 376,
   editor = {{Shaw}, R.~A. and {Hill}, F. and {Bell}, D.~J.},
    pages = {543},
publisher = {ASP},
  address = {San Francisco, CA}
}

@INPROCEEDINGS{2012ASPC..461..893D,
   author = {{Doe}, S. and others},
    title = {{I}ris: {T}he {VAO} {SED} {A}pplication},
booktitle = {Astronomical Data Analysis Software and Systems XXI},
     year = 2012,
   series = {\aspcs},
   volume = 461,
   editor = {{Ballester}, P. and {Egret}, D. and {Lorente}, N.~P.~F.},
    pages = {893},
publisher = {ASP},
  address = {San Francisco, CA}
}

@INPROCEEDINGS{2000ASPC..216...79B,
   author = {{Busko}, I.},
    title = {{SPECVIEW}: {A}n {I}nteractive {J}ava {T}ool for {V}isualization and {A}nalysis of {S}pectral {D}ata},
booktitle = {Astronomical Data Analysis Software and Systems IX},
     year = 2000,
   series = {\aspcs},
   volume = 216,
   editor = {{Manset}, N. and {Veillet}, C. and {Crabtree}, D.},
    pages = {79},
publisher = {ASP},
  address = {San Francisco, CA}
}

@techreport{samp1.3,
  author = "Taylor,~M. and Boch,~T. and Fitzpatrick,~M. and Allan,~A.
            and Paioro,~L. and Taylor,~J. and Fay,~J.",
  title = "Simple Application Messaging Protocol, Version 1.3",
  institution = "IVOA Recommendation",
  year = 2012,
}

