@inproceedings{O18_adassxxii,
	author= {{Kamennoff}, N. and {Foucaud}, S. and {Reybier}, S.},
	booktitle= "ADASS XXII",
	year= 2012,
	editor= {{Friedel}, D. and {Plante}, R.},
	volume= "TBD",
	series="ASP Conf. Series",
	pages= "TBD",
}

@ARTICLE{htm,
   author = {{Szalay}, A.~S. and {Gray}, J. and {Fekete}, G. and {Kunszt}, P.~Z. and 
	{Kukol}, P. and {Thakar}, A.},
    title = "{Indexing the Sphere with the Hierarchical Triangular Mesh}",
  journal = {eprint arXiv:cs/0701164},
     year = 2007,
    month = jan,
}


@INPROCEEDINGS{dif,
   author = {{Nicastro}, L. and {Calderone}, G.},
    title = "{Indexing Astronomical Database Tables using HTM and HEALPix}",
booktitle = {ADASS XVII},
     year = 2008,
   series = {ASP Conf. Series},
   volume = 394,
   editor = "{R.~W.~Argyle, P.~S.~Bunclark, \& J.~R.~Lewis}",
    month = aug,
    pages = {487},
}


@ARTICLE{healpix,
   author = {{G{\'o}rski}, K.~M. and {Hivon}, E. and {Banday}, A.~J. and 
	{Wandelt}, B.~D. and {Hansen}, F.~K. and {Reinecke}, M. and 
	{Bartelmann}, M.},
    title = "{HEALPix: A Framework for High-Resolution Discretization and Fast Analysis of Data Distributed on the Sphere}",
  journal = {\apj},
     year = 2005,
    month = apr,
   volume = 622,
    pages = {759-771},
}


@INPROCEEDINGS{blink,
   author = {{Kamennoff}, N. and {Foucaud}, S. and {Reybier}, S. and {Tsai}, M.-F. and 
	{Tang}, C.-H.},
    title = "{BLINK: Billion Lines INdexing in a clicK}",
booktitle = {ADASS XXI},
     year = 2012,
   series = {ASP Conf. Series},
   volume = 461,
   editor = {{Ballester}, P. and {Egret}, D. and {Lorente}, N.~P.~F.},
    month = sep,
    pages = {541},
}


@book{fourthpar,
	author = {{Hey}, T. and {Tansley}, S. and {Talle}, K.},
	title = "{The Fourth Paradigm:  Data-Intensive Scientific Discovery}",
	publisher	= "Microsoft Research",
	year		= 2009,
}


@INPROCEEDINGS{tang10,
   author = {{Tang}, C.-H. and {Huang}, A.-C. and {Tsai}, M.-F. and 
	{Wang}, W.-J.},
    title = "{An efficient distributed hierarchical-clustering algorithm for large scale data}",
booktitle = {2010 International Computer Symposium (ICS)},
     year = 2010,
   series = {IEEE Conf. Series},
   editor = {{Hsiao}, H.-C.},
    month = dec,
    pages = {869},
}


@ARTICLE{bb10,
   author = {{Ball}, N.~M. and {Brunner}, R.~J.},
    title = "{Data Mining and Machine Learning in Astronomy}",
  journal = {International Journal of Modern Physics D},
     year = 2010,
   volume = 19,
    pages = {1049-1106},
}

@ARTICLE{pfof,
   author = {{Liu}, H.~B. and {Hsieh}, B.~C. and {Ho}, P.~T.~P. and {Lin}, L. and 
	{Yan}, R.},
    title = "{A New Galaxy Group Finding Algorithm: Probability Friends-of-Friends}",
  journal = {\apj},
     year = 2008,
    month = jul,
   volume = 681,
    pages = {1046-1057},
}
 