
@Article{itti98:_model_of_salien_based_visual,
  journal =      {IEEE Trans. Pattern Analysis and Machine Intelligence},
    author = {Laurent Itti and Christof Koch and Ernst Niebur},
    title = {A Model of Saliency-based Visual Attention for Rapid
Scene Analysis},
 volume = 20,
 number = 11,
 year = 1998,
 pages = {1254--1259},
doi={10.1109/34.730558}
}

