@article{kun_2000,
        author          = "Kunszt, P. Z. and Szalay, A. S. and Csabai, I. and Thakar, A. R.",
        title           = "",
        journal         = "ASPC",
        year            = 2000,
        volume          = 216,
        pages           = 141,
}

@article{gor_2005,
        author          = "G\'orski, K. M. and Hivon, E. and Banday, A. J. and Wandelt, B. D. and Hansen, F. K. and Reinecke, M. and Bartelmann, M.",
        title           = "",
        journal         = "ApJ",
        year            = 2005,
        volume          = 622,
        pages           = 759,
}

@article{min_2006,
        author          = "Mink, D.",
        title           = "",
        journal         = "ASPC",
        year            = 2006,
        volume          = 351,
        pages           = 204,
}

@article{yam_2011a,
        author          = "Yamauchi, C.",
        title           = "",
        journal         = "PASP",
        year            = 2011,
        volume          = 123,
        pages           = 1324,
}

