@ARTICLE{Pai_02,
  author = {{Pasquini}, L. and {Avila}, G. and {Blecha}, A. and {Cacciari}, C.
	and {Cayatte}, V. and {Colless}, M. and {Damiani}, F. and {de Propris},
	R. and {Dekker}, H. and {di Marcantonio}, P. and {Farrell}, T. and
	{Gillingham}, P. and {Guinouard}, I. and {Hammer}, F. and {Kaufer},
	A. and {Hill}, V. and {Marteaud}, M. and {Modigliani}, A. and {Mulas},
	G. and {North}, P. and {Popovic}, D. and {Rossetti}, E. and {Royer},
	F. and {Santin}, P. and {Schmutzer}, R. and {Simond}, G. and {Vola},
	P. and {Waller}, L. and {Zoccali}, M.},
  title = {Installation and commissioning of FLAMES, the VLT Multifibre Facility},
  journal = {Messenger},
  year = {2002},
  volume = {110},
  pages = {1}
}

@INPROCEEDINGS{Chn_08,
   author = {{Chilingarian}, I. and {Bonnarel}, F. and {Louys}, M. and {Zolotukhin}, I. and 
	{Royer}, F. and {J\'egouzo}, I. and {Le Sidaner}, P. and {Fernique}, P. and 
	{Boch}, T.},
    title = "{3D Spectroscopy in the Virtual Observatory: Current Status}",
booktitle = {Astronomical Spectroscopy and Virtual Observatory},
     year = 2008,
archivePrefix = "arXiv",
   eprint = {0711.0412},
   editor = "{M.~Guainazzi \& P.~Osuna}",
    month = oct,
    pages = {125},
   adsurl = {http://cdsads.u-strasbg.fr/abs/2008asvo.proc..125C},
  adsnote = {Provided by the SAO/NASA Astrophysics Data System}
}

@INPROCEEDINGS{Ror_12,
   author = {{Royer}, F. and {J{\'e}gouzo}, I. and {Tajahmady}, F. and {Normand}, J.
	},
    title = {The GIRAFFE Archive : Database and VO access},
booktitle = {Astronomical Data Analysis Software and Systems XXI},
     year = 2012,
   series = {ASP Conf. Ser.},
   volume = 461,
   editor = {{Ballester}, P. and {Egret}, D. and {Lorente}, N.~P.~F.},
    month = sep,
    pages = {431},
   adsurl = {http://cdsads.u-strasbg.fr/abs/2012ASPC..461..431R},
  adsnote = {Provided by the SAO/NASA Astrophysics Data System}
}

