@string{jgr = "J.~Geophys.~Res."}

@article{gray2004there,
  author    = {Jim Gray and
               Alexander S. Szalay and
               Aniruddha R. Thakar and
               Gyorgy Fekete and
               William O'Mullane and
               Mar\'{\i}a A. Nieto-Santisteban and
               Gerd Heber and
               Arnold H. Rots},
  title     = {There Goes the Neighborhood: Relational Algebra for Spatial
               Data Search},
  journal   = {CoRR},
  volume    = {cs.DB/0408031},
  year      = {2004},
  ee        = {http://arxiv.org/abs/cs.DB/0408031},
}

@article{gray2007zones,
  title={The zones algorithm for finding points-near-a-point or cross-matching spatial datasets},
  author={Gray, J. and Nieto-Santisteban, M.A. and Szalay, A.S.},
  journal={arXiv preprint cs/0701171},
  year={2007}
}

@article{harris2007parallel,
  title={Parallel prefix sum (scan) with CUDA},
  author={Harris, M. and Sengupta, S. and Owens, J.D.},
  journal={GPU Gems},
  volume={3},
  number={39},
  pages={851--876},
  year={2007}
}

@MISC{primes,
   author = "Charles Louis Xavier Joseph de la Vall{\'e}e Poussin",
   note = "A strong form of the prime number theorem, 19th century",
   year = 1879
   }

@INBOOK{chicago,
   title = "The Chicago Manual of Style",
   publisher = "University of Chicago Press",
   edition = "Thirteenth",
   year = 1982,
   pages = "400--401",
   key = "Chicago"
   }

@BOOK{texbook,
   author = "Donald E. Knuth",
   title= "The {{\TeX}book}",
   publisher = "Addison-Wesley",
   year = 1984
   }

@BOOK{latexbook,
   author = "Leslie Lamport",
   title = "{\LaTeX \rm:} {A} Document Preparation System",
   publisher = "Addison-Wesley",
   year = 1986
   }

@UNPUBLISHED{btxdoc,
   author = "Oren Patashnik",
   title = "{Using BibTeX}",
   note = "Documentation for general BibTeX users",
   month = jan,
   year = 1988
   }

@UNPUBLISHED{btxhak,
   author = "Oren Patashnik",
   title = "Designing BibTeX Styles",
   note = "The part of BibTeX's documentation
                            that's not meant for general users",
   month = jan,
   year = 1988
   }

@BOOK{strunk,
   author = "Strunk, Jr., William and E. B. White",
   title = "The Elements of Style",
   publisher = "Macmillan",
   edition = "Third",
   year = 1979
   }

@book{vanleunen,
   title = "A Handbook for Scholars",
   author = "Mary-Claire van Leunen",
   publisher = "Knopf",
   year = "1979"
   }

@ARTICLE{Zurek:1993,
   AUTHOR  = {Zurek, R. W. and Martin, L. J.},
   TITLE   = {Interannual Variability of planet-encircling dust activity on {M}ars},  
   YEAR    = {1993},
   JOURNAL = jgr,
   VOLUME  = {98},
   NUMBER  = {E2},
   PAGES   = {3247--3259}
}

@Article{Narendra_1990,
  author =       {K.S.Narendra and K.Parthsarathy},
  title =        {Identification and Control of Dynamical System
                  using Neural Networks},
  journal =      "IEENN",
  year =         {1990},
  volume =    {1},
  number =    {1},
  month =     {},
  pages =     {4-27},
  note =      {},
  annote =    {}
}

@Article{PGC,
  title = {Professional Graphics Controller},
  Journal = {IBM Systems Journal},
  year = 1985,
  note = {http://domino.research.ibm.com/tchjr/journalindex.nsf/0/6829ccaf443f3a6c85256bfa00685b97?OpenDocument}
}

@phdthesis{crow2004evolution,
  title={{Evolution of the graphical processing unit}},
  author={Crow, T.S.},
  year={2004},
  school={Citeseer}
}

@Manual{CUDA_Guide,
  organization = {NVIDIA Corporation},
  title = {NVIDIA CUDA Programming Guide Version 2.3.1},
  year = {2009},
}

@BOOK{1988ffti,
   author = {{Brigham}, E.~O.},
    title = "{The fast Fourier transform and its applications.}",
booktitle = {Englewood Cliffs, N.J.: Prentice-Hall, 1988},
     year = 1988,
   editor = "{Brigham, E.~O.}",
   pages = {225-230},
   adsurl = {http://adsabs.harvard.edu/abs/1988ffti.book.....B},
  adsnote = {Provided by the SAO/NASA Astrophysics Data System}
}

@article{faloutsos1994fast,
  title={{Fast subsequence matching in time-series databases}},
  author={Faloutsos, C. and Ranganathan, M. and Manolopoulos, Y.},
  journal={ACM SIGMOD Record},
  volume={23},
  number={2},
  pages={419--429},
  year={1994},
  publisher={ACM}
}

@conference{wu2000comparison,
  title={{A comparison of DFT and DWT based similarity search in time-series databases}},
  author={Wu, Y.L. and Agrawal, D. and El Abbadi, A.},
  booktitle={Proceedings of the ninth international conference on Information and knowledge management},
  pages={488--495},
  year={2000},
  organization={ACM}
}

@article{cheever1991fast,
  title={{Fast Fourier transform-based correlation of DNA sequences using complex plane encoding}},
  author={Cheever, E.A. and Overton, G.C. and Searls, D.B.},
  journal={Bioinformatics},
  volume={7},
  number={2},
  pages={143},
  year={1991},
  publisher={Oxford Univ Press}
}

@conference{assent2008ts,
  title={{The TS-tree: efficient time series search and retrieval}},
  author={Assent, I. and Krieger, R. and Afschari, F. and Seidl, T.},
  booktitle={Proceedings of the 11th international conference on Extending database technology: Advances in database technology, March},
  pages={25--29},
  year={2008}
}

@conference{shieh2008sax,
  title={{i SAX: indexing and mining terabyte sized time series}},
  author={Shieh, J. and Keogh, E.},
  booktitle={Proceeding of the 14th ACM SIGKDD international conference on Knowledge discovery and data mining},
  pages={623--631},
  year={2008},
  organization={ACM}
}


@conference{huang1999adaptive,
  title={{Adaptive query processing for time-series data}},
  author={Huang, Y.W. and Yu, P.S.},
  booktitle={Proceedings of the fifth ACM SIGKDD international conference on Knowledge discovery and data mining},
  pages={282--286},
  year={1999},
  organization={ACM}
}

@article{lin2007experiencing,
  title={{Experiencing SAX: a novel symbolic representation of time series}},
  author={Lin, J. and Keogh, E. and Wei, L. and Lonardi, S.},
  journal={Data mining and knowledge discovery},
  volume={15},
  number={2},
  pages={107--144},
  year={2007},
  publisher={Springer}
}

@article{andre1997using,
  title={{Using signature files for querying time-series data}},
  author={Andr{\'e}-J\"{o}nsson, H. and Badal, D.},
  journal={Principles of Data Mining and Knowledge Discovery},
  pages={211--220},
  year={1997},
  publisher={Springer}
}


@article{chakrabarti2002locally,
  title={{Locally adaptive dimensionality reduction for indexing large time series databases}},
  author={Chakrabarti, K. and Keogh, E. and Mehrotra, S. and Pazzani, M.},
  journal={ACM Transactions on Database Systems (TODS)},
  volume={27},
  number={2},
  pages={228},
  year={2002},
  publisher={ACM}
}

@conference{yi2000fast,
  title={{Fast time sequence indexing for arbitrary Lp norms}},
  author={Yi, B.K. and Faloutsos, C.},
  booktitle={Proceedings of the 26th International Conference on Very Large Data Bases},
  pages={385--394},
  year={2000},
  organization={Citeseer}
}

@article{cooley1965algorithm,
  title={{An algorithm for the machine calculation of complex Fourier series}},
  author={Cooley, J.W. and Tukey, J.W.},
  journal={Mathematics of computation},
  volume={19},
  number={90},
  pages={297--301},
  year={1965},
  publisher={American Mathematical Society}
}

@article{lebaron1999time,
  title={{Time series properties of an artificial stock market}},
  author={LeBaron, B. and Arthur, W.B. and Palmer, R.},
  journal={Journal of Economic Dynamics and Control},
  volume={23},
  number={9-10},
  pages={1487--1516},
  year={1999},
  publisher={Elsevier}
}

@article{stock1998comparison,
  title={{A comparison of linear and nonlinear univariate models for forecasting macroeconomic time series}},
  author={Stock, J.H. and Watson, M.W.},
  journal={NBER working paper},
  year={1998}
}
@book{tsay2005analysis,
  title={{Analysis of financial time series}},
  author={Tsay, R.S.},
  year={2005},
  publisher={Wiley-Interscience}
}
@book{taylor2007modelling,
  title={{Modelling financial time series}},
  author={Taylor, S.J.},
  year={2007},
  publisher={World Scientific Pub Co Inc}
}

@book{shumway2000time,
  title={{Time series analysis and its applications}},
  author={Shumway, R.H. and Stoffer, D.S.},
  year={2000},
  publisher={Springer Verlag}
}

@conference{indyk1998approximate,
  title={{Approximate nearest neighbors: towards removing the curse of dimensionality}},
  author={Indyk, P. and Motwani, R.},
  booktitle={Proceedings of the thirtieth annual ACM symposium on Theory of computing},
  pages={604--613},
  year={1998},
  organization={ACM}
}

@article{mccreight1976space,
  title={{A space-economical suffix tree construction algorithm}},
  author={McCreight, E.M.},
  journal={Journal of the ACM (JACM)},
  volume={23},
  number={2},
  pages={262--272},
  year={1976},
  publisher={ACM}
}
@article{landau1989fast,
  title={{Fast parallel and serial approximate string matching* 1}},
  author={Landau, G.M. and Vishkin, U.},
  journal={Journal of Algorithms},
  volume={10},
  number={2},
  pages={157--169},
  year={1989},
  publisher={Elsevier}
}

@article{wachman2009kernels,
  title={{Kernels for Periodic Time Series Arising in Astronomy}},
  author={Wachman, G. and Khardon, R. and Protopapas, P. and Alcock, C.},
  journal={Machine Learning and Knowledge Discovery in Databases},
  pages={489--505},
  year={2009},
  publisher={Springer}
}
