@phdthesis{blomer11,
	author		= "Blomer, J.",
	title		= "Decentralized Data Storage and Processing in the Context of the LHC Experiments at CERN",
	school		= "Technischen Universitat Munchen",
	year		= 2011,
}

@inproceedings{canfar,
	author		= {Gaudet,S. et al},
	title		= {CANFAR: the Canadian Advanced Network for Astronomical Research},
booktitle = {SPIE Conference Series},
     year = 2010,
   volume = 7740,
}

