
@INPROCEEDINGS{1996ASPC..101..207W,
   author = {{Wallace}, P.~T.},
    title = "{The IAU SOFA Initiative}",
booktitle = {Astronomical Data Analysis Software and Systems V},
     year = 1996,
   series = {Astronomical Society of the Pacific Conference Series},
   volume = 101,
   editor = {{Jacoby}, G.~H. and {Barnes}, J.},
    pages = {207},
publisher = "ASP",
  address = "San Francisco",
   adsurl = {http://adsabs.harvard.edu/abs/1996ASPC..101..207W},
  adsnote = {Provided by the SAO/NASA Astrophysics Data System}
}

@INPROCEEDINGS{1994ASPC...61..481W,
   author = {{Wallace}, P.~T.},
    title = "{The SLALIB Library}",
booktitle = {Astronomical Data Analysis Software and Systems III},
     year = 1994,
   series = {Astronomical Society of the Pacific Conference Series},
   volume = 61,
   editor = {{Crabtree}, D.~R. and {Hanisch}, R.~J. and {Barnes}, J.},
    pages = {481},
publisher = "ASP",
  address = "San Francisco",
   adsurl = {http://adsabs.harvard.edu/abs/1994APC...61..481W},
  adsnote = {Provided by the SAO/NASA Astrophysics Data System}
}



@Article{Walt2011,
  author =       {S. van der Walt and S. C. Colbert and G. Varoquaux},
  title =        {The NumPy Array: A structure for efficient numerical computation},
  journal =      {Computing in Science and Engineering},
  year =         {2011},
  OPTkey =       {},
  volume =    {13},
  OPTnumber =    {},
  pages =     {22},
  OPTmonth =     {},
  note =      {{arXiv:1102.1523}},
  OPTannote =    {}
}

@ARTICLE{Hohenkerk:2010,
AUTHOR = {Hohenkerk, C. },
TITLE   = {Standards of Fundamental Astronomy},
YEAR	= 2010,
JOURNAL	= {Scholarpedia},
VOLUME  = 5,
NUMBER  = 12,
PAGES   = 11404,
NOTE     = {{doi:10.4249/scholarpedia.11404}},
}

@inproceedings{P005_adassxxii,
author = "David Berry and Malcolm Currie and Tim Jenness and Peter Draper and Graham Bell and Remo Tilanus",
booktitle = "ADASS XXII",
year = 2012,
editor = {D. Friedel and R. Plante},
volume = "TBD",
series = {ASP Conf. Ser.},
pages = "TBD",
publisher = "ASP",
address ="San Francisco",
}

@Book{JennessBook,
  author =    {Tim Jenness and Simon Cozens},
  ALTeditor =    {},
  title =        {Extending and Embedding Perl},
  publisher =    {Manning Publications},
  year =         {2002},
  ISBN =         {1930110820},
  OPTkey =       {},
  OPTvolume =    {},
  OPTnumber =    {},
  OPTseries =    {},
  OPTaddress =   {},
  OPTedition =   {},
  OPTmonth =     {},
  OPTnote =      {},
  OPTannote =    {}
}

@Article{PDL,
  author =       {K. Glazebrook and F. Economou},
  title =        {PDL: The Perl Data Language},
  journal =      {The Perl Journal},
  year =         {1997},
  OPTkey =       {},
  volume =    {5},
  OPTnumber =    {},
  pages =     {5},
  OPTmonth =     {},
  note =      {Reprinted in Dr. Dobb's Journal September 1997},
  OPTannote =    {}
}

@INPROCEEDINGS{2009ASPC..411..418J,
   author = {{Jenness}, T. and {Berry}, D.~S. and {Cavanagh}, B. and {Currie}, M.~J. and
	{Draper}, P.~W. and {Economou}, F.},
    title = "{Developments in the Starlink Software Collection}",
booktitle = {Astronomical Data Analysis Software and Systems XVIII},
     year = 2009,
   series = {Astronomical Society of the Pacific Conference Series},
   volume = 411,
   editor = {{Bohlender}, D.~A. and {Durand}, D. and {Dowler}, P.},
    month = sep,
    pages = {418},
publisher = "ASP",
  address = "San Francisco",
   adsurl = {http://adsabs.harvard.edu/abs/2009ASPC..411..418J},
  adsnote = {Provided by the SAO/NASA Astrophysics Data System}
}

@INPROCEEDINGS{2012ASPC..461..825B,
   author = {{Berry}, D.~S. and {Jenness}, T.},
    title = "{New Features in AST: A WCS Management and Manipulation Library}",
booktitle = {Astronomical Data Analysis Software and Systems XXI},
     year = 2012,
   series = {Astronomical Society of the Pacific Conference Series},
   volume = 461,
archivePrefix = "arXiv",
 primaryClass = "astro-ph.IM",
   editor = {{Ballester}, P. and {Egret}, D. and {Lorente}, N.~P.~F.},
    month = sep,
    pages = {825},
publisher = "ASP",
  address = "San Francisco",
   adsurl = {http://adsabs.harvard.edu/abs/2012ASPC..461..825B},
  adsnote = {Provided by the SAO/NASA Astrophysics Data System}
}
