@inproceedings{ball:adass12focusdemo,
   author = {{Ball}, N.~M.},
booktitle = "{ADASS XXII}",
     year = {2012},
   editor = {{Friedel}, D. and {Plante}, R.},
   volume = {TBD},
   series = {ASP Conf. Ser.},
    pages = {TBD},
publisher = {ASP},
  address = {San Francisco}
}

@inproceedings{ball:adass12poster,
   author = {{Ball}, N.~M.},
booktitle = "{ADASS XXII}",
     year = {2012},
   editor = {{Friedel}, D. and {Plante}, R.},
   volume = {TBD},
   series = {ASP Conf. Ser.},
    pages = {TBD},
publisher = {ASP},
  address = {San Francisco}
}

@ARTICLE{ball:pdfphotoz,
   author = {{Ball}, N.~M. and {Brunner}, R.~J. and {Myers}, A.~D. and {Strand}, N.~E. and {Alberts}, S.~L. and {Tcheng}, D.},
    title = "{Robust Machine Learning Applied to Astronomical Data Sets. III. Probabilistic Photometric Redshifts for Galaxies and Quasars in the SDSS and GALEX}",
  journal = {\apj},
archivePrefix = "arXiv",
 keywords = {Catalogs, Cosmology: Miscellaneous, Methods: Data Analysis, Galaxies: Quasars: General},
     year = {2008},
   volume = {683},
    pages = {12-21},
      doi = {10.1086/589646},
   adsurl = {http://adsabs.harvard.edu/abs/2008ApJ...683...12B},
  adsnote = {Provided by the SAO/NASA Astrophysics Data System}
}

@INPROCEEDINGS{gaudet:canfar,
   author = {{Gaudet}, S. and others},
booktitle = "{ADASS XX}",
     year = {2011},
   editor = {{Evans}, I.~N. and {Accomazzi}, A. and {Mink}, D.~J. and {Rots}, A.~H.},
   volume = {442},
   series = {ASP Conf. Ser.},
    pages = {61},
publisher = {ASP},
  address = {San Francisco}
}

@INPROCEEDINGS{taylor:topcat,
   author = {{Taylor}, M.~B.},
booktitle = "{ADASS XIV}",
     year = {2005},
   editor = {{Shopbell}, P. and {Britton}, M. and {Ebert}, R.},
   volume = {347},
   series = {ASP Conf. Ser.},
    pages = {29},
publisher = {ASP},
  address = {San Francisco}
}
