@ARTICLE{1998ApJ...500..525S,
   author = {{Schlegel}, D.~J. and {Finkbeiner}, D.~P. and {Davis}, M.},
    title = "{Maps of Dust Infrared Emission for Use in Estimation of Reddening and Cosmic Microwave Background Radiation Foregrounds}",
  journal = {\apj},
 keywords = {COSMOLOGY: DIFFUSE RADIATION, COSMOLOGY: COSMIC MICROWAVE BACKGROUND, ISM: DUST, EXTINCTION, INTERPLANETARY MEDIUM, INFRARED: ISM: CONTINUUM},
     year = 1998,
    month = jun,
   volume = 500,
    pages = {525},
      doi = {10.1086/305772},
   adsurl = {http://adsabs.harvard.edu/abs/1998ApJ...500..525S},
  adsnote = {Provided by the SAO/NASA Astrophysics Data System}
}

@ARTICLE{2000A&AS..143...33B,
   author = {{Bonnarel}, F. and {Fernique}, P. and {Bienaym{\'e}}, O. and 
	{Egret}, D. and {Genova}, F. and {Louys}, M. and {Ochsenbein}, F. and 
	{Wenger}, M. and {Bartlett}, J.~G.},
    title = "{The ALADIN interactive sky atlas. A reference tool for identification of astronomical sources}",
  journal = {\aaps},
 keywords = {ASTRONOMICAL DATA BASES: MISCELLANEOUS, CATALOGS, ATLASES, SURVEYS},
     year = 2000,
    month = apr,
   volume = 143,
    pages = {33-40},
      doi = {10.1051/aas:2000331},
   adsurl = {http://adsabs.harvard.edu/abs/2000A%26AS..143...33B},
  adsnote = {Provided by the SAO/NASA Astrophysics Data System}
}

@ARTICLE{2011MNRAS.417.3061C,
   author = {{Cardiel}, N. and {Jim{\'e}nez-Esteban}, F.~M. and {Alacid}, J.~M. and 
	{Solano}, E. and {Aberasturi}, M.},
    title = "{TESELA: a new Virtual Observatory tool to determine blank fields for astronomical observations}",
  journal = {\mnras},
 keywords = {methods: data analysis, methods: numerical, catalogues, virtual observatory tools},
     year = 2011,
    month = nov,
   volume = 417,
    pages = {3061-3071},
      doi = {10.1111/j.1365-2966.2011.19464.x},
   adsurl = {http://adsabs.harvard.edu/abs/2011MNRAS.417.3061C},
  adsnote = {Provided by the SAO/NASA Astrophysics Data System}
}

@ARTICLE{2012arXiv1209.4861J,
   author = {{Jim{\'e}nez-Esteban}, F.~M. and {Cabrera-Lavers}, A. and {Cardiel}, N. and 
	{Alacid}, J.~M.},
    title = "{Deep blank field catalogue for medium- and large-size telescopes}",
  journal = {ArXiv e-prints},
archivePrefix = "arXiv",
   eprint = {1209.4861},
 primaryClass = "astro-ph.IM",
 keywords = {Astrophysics - Instrumentation and Methods for Astrophysics},
     year = 2012,
    month = sep,
   adsurl = {http://adsabs.harvard.edu/abs/2012arXiv1209.4861J},
  adsnote = {Provided by the SAO/NASA Astrophysics Data System}
}

@INPROCEEDINGS{2012ASPC..461..173C,
   author = {{Cardiel}, N. and {Jim{\'e}nez-Esteban}, F.~M. and {Alacid}, J.~M. and 
	{Solano}, E. and {Aberasturi}, M.},
    title = "{TESELA: A New Virtual Observatory Tool to Determine Blank Fields}",
booktitle = {Astronomical Data Analysis Software and Systems XXI},
     year = 2012,
   series = {Astronomical Society of the Pacific Conference Series},
   volume = 461,
   editor = {{Ballester}, P. and {Egret}, D. and {Lorente}, N.~P.~F.},
    month = sep,
    pages = {173},
   adsurl = {http://adsabs.harvard.edu/abs/2012ASPC..461..173C},
  adsnote = {Provided by the SAO/NASA Astrophysics Data System}
}

@ARTICLE{1997A&A...323L..49P,
   author = {{Perryman}, M.~A.~C. and {Lindegren}, L. and {Kovalevsky}, J. and 
	{Hoeg}, E. and {Bastian}, U. and {Bernacca}, P.~L. and {Cr{\'e}z{\'e}}, M. and 
	{Donati}, F. and {Grenon}, M. and {Grewing}, M. and {van Leeuwen}, F. and 
	{van der Marel}, H. and {Mignard}, F. and {Murray}, C.~A. and 
	{Le Poole}, R.~S. and {Schrijver}, H. and {Turon}, C. and {Arenou}, F. and 
	{Froeschl{\'e}}, M. and {Petersen}, C.~S.},
    title = "{The HIPPARCOS Catalogue}",
  journal = {\aap},
     year = 1997,
    month = jul,
   volume = 323,
    pages = {L49-L52},
   adsurl = {http://adsabs.harvard.edu/abs/1997A%26A...323L..49P},
  adsnote = {Provided by the SAO/NASA Astrophysics Data System}
}

@ARTICLE{2003AJ....125..984M,
   author = {{Monet}, D.~G. and {Levine}, S.~E. and {Canzian}, B. and {Ables}, H.~D. and 
	{Bird}, A.~R. and {Dahn}, C.~C. and {Guetter}, H.~H. and {Harris}, H.~C. and 
	{Henden}, A.~A. and {Leggett}, S.~K. and {Levison}, H.~F. and 
	{Luginbuhl}, C.~B. and {Martini}, J. and {Monet}, A.~K.~B. and 
	{Munn}, J.~A. and {Pier}, J.~R. and {Rhodes}, A.~R. and {Riepe}, B. and 
	{Sell}, S. and {Stone}, R.~C. and {Vrba}, F.~J. and {Walker}, R.~L. and 
	{Westerhout}, G. and {Brucato}, R.~J. and {Reid}, I.~N. and 
	{Schoening}, W. and {Hartley}, M. and {Read}, M.~A. and {Tritton}, S.~B.
	},
    title = "{The USNO-B Catalog}",
  journal = {\aj},
 keywords = {Astrometry, Catalogs},
     year = 2003,
    month = feb,
   volume = 125,
    pages = {984-993},
      doi = {10.1086/345888},
   adsurl = {http://adsabs.harvard.edu/abs/2003AJ....125..984M},
  adsnote = {Provided by the SAO/NASA Astrophysics Data System}
}

@INPROCEEDINGS{2000SPIE.4008..623C,
   author = {{Cepa}, J. and {Aguiar}, M. and {Escalera}, V.~G. and {Gonzalez-Serrano}, I. and 
	{Joven-Alvarez}, E. and {Peraza}, L. and {Rasilla}, J.~L. and 
	{Rodriguez-Ramos}, L.~F. and {Gonzalez}, J.~J. and {Cobos Duenas}, F.~J. and 
	{Sanchez}, B. and {Tejada}, C. and {Bland-Hawthorn}, J. and 
	{Militello}, C. and {Rosa}, F.},
    title = "{OSIRIS tunable imager and spectrograph}",
booktitle = {Society of Photo-Optical Instrumentation Engineers (SPIE) Conference Series},
     year = 2000,
   series = {Society of Photo-Optical Instrumentation Engineers (SPIE) Conference Series},
   volume = 4008,
   editor = {{Iye}, M. and {Moorwood}, A.~F.},
    month = aug,
    pages = {623-631},
   adsurl = {http://adsabs.harvard.edu/abs/2000SPIE.4008..623C},
  adsnote = {Provided by the SAO/NASA Astrophysics Data System}
}

@ARTICLE{delaunay1934,
   author = {{Delaunay}, B.},
    title = "{Sur la sph\`{e}re vide}",
  journal = {Bull.\ Acad.\ Sci.\ USSR},
     year = 1934,
    pages = {793-800}
}

@ARTICLE{renka1997,
   author = {{Renka}, R.~J.},
    title = "{STRIPACK: Delaunay Triangulation and Voronoi Diagram on the
    Surface of a Sphere}",
  journal = {ACM Transactions on Mathematical Software},
     year = 1997,
   volume = 23,
    pages = {416-434}
}
