@article{abt_1990,
	title= {A AAAA model to support science gateways with community accounts},
	author= {Von Welch, et.al.},
	journal= {Concurrency and Computation: Practice \& Experience},
	year={ 2007},
	volume={19},
	pages={893},
}

@article{kacsuk2011p,
  title={P-GRADE portal family for grid infrastructures},
  author={Kacsuk, P.},
  journal={Concurrency and Computation: Practice \& Experience},
  volume={23},
  number={3},
  pages={235--245},
  year={2011},
  publisher={Wiley Online Library}
}
@article{becciani2010visivo,
  title={VisIVO--Integrated Tools and Services for Large-Scale Astrophysical Visualization},
  author={Becciani, U},
  journal={Publications of the Astronomical Society of the Pacific},
  volume={122},
  number={887},
  pages={119--130},
  year={2010},
  publisher={JSTOR}
}

@article{borkin2011visualization,
  title={Visualization and Analysis of Synthetic Observations of Embedded Protostellar Outflows},
  author={Borkin, M.A. and Offner, SSR and Lee, EJ and Arce, HG and Goodman, AA},
  journal={Bulletin of the American Astronomical Society},
  volume={43},
  pages={25813},
  year={2011}
} 

@article{hassan2011scientific,
  title={Scientific Visualization in Astronomy: Towards the Petascale Astronomy Era},
  author={Hassan, A. and Fluke, C.J.},
  journal={Publications of the Astronomical Society of Australia},
  volume={28},
  number={2},
  pages={150--170},
  year={2011}
 }