@inproceedings{O10_adassxxii,
   author = "Eguchi, S. and others",
   booktitle = "ADASS XXII",
   year = 2012,
   editor = "Friedel, D. and Plante, R.",
   volume = "TBD",
   series = "ASP Conf. Ser.",
   pages = "TBD",
   publisher = "ASP",
   address ="San Francisco",
}

@inproceedings{P047_adassxxii,
   author = "Kawasaki, W. and others",
   booktitle = "ADASS XXII",
   year = 2012,
   editor = "Friedel, D. and Plante, R.",
   volume = "TBD",
   series = "ASP Conf. Ser.",
   pages = "TBD",
   publisher = "ASP",
   address ="San Francisco",
}

@inproceedings{Shirasaki_2011,
   author = "Shirasaki, Y. and others",
   booktitle = "ADASS XXI",
   year = 2011,
   editor = "Ballester, P. and Egret, D. and Lorente N.P.F.",
   volume = "461",
   series = "ASP Conf. Ser.",
   pages = "451",
   publisher = "ASP",
   address ="San Francisco",
}

@inproceedings{Lacy_2011,
   author = "Lacy, M. and Halstead, D. and Hatz, M.",
   booktitle = "ADASS XX",
   year = 2011,
   editor = "Ian N. Evans and Alberto Accomazzi and Douglas J. Mink and Arnold H. Rots",
   volume = "442",
   series = "ASP Conf. Ser.",
   pages = "57",
   publisher = "ASP",
   address ="San Francisco",
}

@article{Skrutskie_2006,
        author          = "Skrutskie, M. F. and others",
        title           = "The Two Micron All Sky Survey (2MASS)",
        journal         = "AJ",
        year            = 2006,
        volume          = 131,
        pages           = 1163,
}
