@inproceedings {Grosbol,
	title		=	"A Future Astronomical Software Environment (FASE)",
	author		=	"P.Grosbol and D.Tody and L.Paioro and Y.Granet and B.Garilli and C.Surace",
	booktitle	=	"ADASS XXI",
	year		=	"2012",
	series		=	"ASP Conf. Ser."
}

@inproceedings{Granet,
	title		=	"FASE - Future Astronomical Software Environment : How to Include Tools and Systems into the FASE Environment",
	author		=	"Y.Granet and L.Paioro and C.Surace and B.Garilli and P.Grosbol and D.Tody",
	booktitle	=	"ADASS XX",
	year		=	"2011",
	series		=	"ASP Conf. Ser."
}

@techreport{Taylor,
	title		=	"Simple Application Messaging Protocol Version 1.3",
	author		=	"M.Taylor and T.Boch and M.Fitzpatrick and A.Allan and F.Jay and L.Paioro and J.Taylor and D.Tody",
	url		=	"http://www.ivoa.net/Documents/SAMP/",
	institution	=	"IVOA",
	year		=	"2012"
}

@misc{Fase,
	author		=	"FASE ",
	url		=	"https://www.eso.org/wiki/bin/view/Opticon/WebHome"
}

@article{DSPL,
	author		=	"S.Hallsteinsen et al.",
	title		=	"Dynamic Software Product Lines",
	journal		=	"Computer",
	year		=	"2008"
}