\begin{thebibliography}{}
\expandafter\ifx\csname natexlab\endcsname\relax\def\natexlab#1{#1}\fi
\expandafter\ifx\csname url\endcsname\relax
  \def\url#1{\texttt{#1}}\fi
\expandafter\ifx\csname urlprefix\endcsname\relax\def\urlprefix{URL }\fi
\providecommand{\eprint}[2][]{\url{#2}}

\bibitem[{CDBS (2012)}]{cdbs_2012}
CDBS Webpage 2012, in http://www.stsci.edu/hst/observatory/cdbs/cdbs\_throughput.html

\bibitem[{Diaz et al.(2012)}]{Diaz_2012}
Diaz, R.I., Barker, E.A., Laidler, V.G., Hanley,  C., Sosey, M., Busko, I., Greenfield, P., and Sienkiewicz, in Astronomical Data Analysis Software and Systems XXI, ASP Conference Series, Vol. 461; ed. P. Ballester, D. Egret, and N.P.F. Lorente. p.18

\bibitem[{Diaz, McLean \& Greenfield.(2010)}]{Diaz3_2010}
Diaz R.I., McLean D., \& Greenfield P. 2012, in proceedings of the ADASS XIX, ASP Conference Series, Volume 434, ed. Mizumoto, Y., Morita, K-H, and Ohishi, M. p.249


\bibitem[{Diaz et al.(2010)}]{Diazetal_2010}
Diaz R.I., Busko, P., Greenfield P.,
Laidler, V., Miller, T., Sienkiewicz, M., \& Sosey, M., 2010, in proceedings of The 2010 HST Calibration Workshop, ed. Deustua, S. and Oliveira, C. in publications of the Space Telescope Science Institute, p.608

\bibitem[{McCullough \& MacKenty (2011)}]{TheMcs2011}
McCullough, P.R. \& MacKenty, J. 2011, Poster for the meeting "Exploring Strange New Worlds: From Giant Planets to Super Earths", held in May 1-6, 2011 in Flagstaff, AZ (http://www.stsci.edu/hst/wfc3/documents/meeting\_posters/esnw)

\bibitem[{pyetc (2010)}]{pyetc2010}
{\it pyetc}  comissioning report 2010, SSB Technical Software Report TST 2010-05, http://stsdas.stsci.edu/tsr/pyetc/commissioning

\end{thebibliography}
