@article{deKorte_2009,
	author		= "de Korte,P. and Boersma, D. and Bruijn, M and Dirks, B. and Gottardi, L. and den Hartog, R. and den Herder, J-W and
			  Hoevers, H. and van der Kuur, J. and van Leeuwen, B.-J. and Nieuwenhuizen, A. and Popescu, M. and Ridder, M. and
			  van Weers, H. ",
	title		= "Eureca - A European-Japanese Microcalorimeter Array Under Development for IXO",
	journal		= "AAS",
	year		= 2009,
	volume		= "",
	pages		= "",
}

@article{RS_2011,
	author          = "Hui, Tan and Hennig, W. and  Warburton, W K. and  Doriese, W B. 
			  and  Kilbourne, C A.",
	title           = "Development of a Real-Time Pulse Processing Algorithm for TES-Based X-Ray Microcalorimeters",
	journal 	= "IEEE Transactions on Applied Superconductivity",
	year		= 2011,
	volume		= "21, issue 3",
	pages		= "276-280",
}
	
@inproceedings{ceballos_2011,
	author		= "Ceballos, M T. and  Fraga, R. and Cobo, B. and van~der~Kuur, J. and Schuurmans, J. and Gonz\'alez, I. and Carrera, F J.",
	title		= "Processing chains for Characterization and Data Analysis of TES X-ray detectors",
	booktitle	= "ADASS XX",
	year		= 2011,
	editor		= "Evans, I N. and  Accomazzi, A. and Mink, D J. and Rots, A H.",
	volume		= 442,
	series		= "ASP Conference Series",
	pages		= "335-338",
	publisher	= "ASP",
	address		= "San Francisco",
}
@inproceedings{ceballos_2012,
	author		= "Ceballos, M T. and  Fraga, R. and Cobo, B. and van~der~Kuur, J. and Schuurmans, J.",
	title		= "Pulse Detection and Processing in TES Detectors",
	booktitle	= "ADASS XXI",
	year		= 2012,
	editor		= "Ballester, P. and Egret, D. and Lorente, N P F.",
	volume		= 461,
	series		= "ASP Conference Series",
	pages		= "777-781",
	publisher	= "ASP",
	address		= "San Francisco",
}

@inproceedings{Boyce_1999,
	author		= "Boyce, Kevin R. and Audley, Michael D. and Baker, Robert G. and Dumonthier, Jeffrey J. and Fujimoto, Ryuichi and Gendreau, Keith C. and Ishisaki, Yoshitaka and Kelley, Richard L. and Stahle, Caroline K. and Szymkowiak, Andrew E. and Winkert, George E. ",
	title		= "Design and performance of the ASTRO-E/XRS signal processing system",
	booktitle	= "EUV, X-Ray, and Gamma-Ray Instrumentation for Astronomy X",
	year		= 1999,
	editor		= "Oswald H. Siegmund and Kathryn A. Flanagan",
	volume		= 3765,
	series		= "Proc. SPIE",
	pages		= "741-750",
	publisher	= "",
	address		= "",
}

 