@techreport{and_2011,
	author		= "Anderson, K.R.",
	title		= "UBCO-CSKA-001: CyberSKA Package Documentation for metaData, v0.4.0",
        institution     = "University of British Columbia, Okanagan",
	year		= 2011,
}

@techreport{dowler_2007,
	author		= "Dowler, Patrick",
	title		= "Common Archive Observation Model, Version 1.0",
        institution     = "National Research Council Canada",
	year		= 2007,
}
