@article{mixins, 
      author = "Esterbrook, Chuck", 
      title  = "Using Mix-ins with Python", 
      journal = "Linux Journal",
      volume = 84,
      year = 2001,
      note  = "\url{http://www.linuxjournal.com/node/4540/print}",
     }

@article{matplotlib, 
      author = "John D. Hunter", 
      title  = "Matplotlib: A 2D Graphics Environment", 
      journal = "Computing in Science and Engineering archive",
      volume = 9,
      issue = 3,
      publisher = "IEEE Educational Activities Department  Piscataway, NJ, USA",
      year = 2007,
      note  = "pp. 90-95",
     }

@inproceedings{skycat, 
    author = "Albrecht, M. A. and Brighton, A. and Herlin, T. and Biereichel, P. and Durand, D.", 
    title  = "Access to Data Sources and the ESO SkyCat Tool", 
    journal = "Astronomical Data Analysis Software and Systems VI, A.S.P. Conference Series",
    year   = "1997",
    editor = "Gareth Hunt and H. E. Payne",
    publisher = "ADASS VI",
    volume = 125
    }

@inproceedings{Barrett99, 
    author = "Barrett, P. E. and Bridgman, W. T.", 
    title  = "PyFITS, a Python FITS Module",
    booktitle = "Astronomical Data Analysis Software and Systems IX, A.S.P. Conference Series",
    year   = "2000",
    editor = "N. Manset and C. Veillet and D. Crabtree",
    publisher = "ADASS IX",
    volume = 216
    }

@inproceedings{Jeschke10B, 
	author = "E. Jeschke and T. Inagaki",
	title  = "Lessons Learned Deploying a Second Generation Observation Control System for Subaru Telescope",
        booktitle = "Software and Cyberinfrastructure for Astronomy",
        
	year   = "2010",
	editor = "N. Radziwill and A. Bridger",
        publisher = "SPIE",
        note   = "Vol. 7740" }

@inproceedings{Jeschke12, 
	author = "E. Jeschke and T. Inagaki and R. Kackley",
	title  = "A next-generation open-source toolkit for FITS file image viewing",
        booktitle = "Software and Cyberinfrastructure for Astronomy II",
        
	year   = "2012",
	editor = "N. Radziwill and G. Chiozzi",
        publisher = "SPIE",
        note   = "Vol. 8451" }

