
@article{Jansen,
        author	= "Jansen, F. et al.",
        title = "XMM-Newton observatory",
	journal = "A\&A",
	year	= "2001",
	volume	= "365",
	pages	= "L1",
}
 

@inproceedings{Gabriel_adassxiii,
        author	= "Gabriel, C. and et al.",
	booktitle = "ADASS XIII",
	year	= "2004",
	editor	= "Ochsenbein, F. and Allen, M. and Egret, D.",
	volume	= "314",
	series	= "ASP Conf. Ser.",
	pages	= "759",
	publisher = "ASP",
	address	="San Francisco",
}

