@article{pal2012,
	author		= "P{\'a}l, A.",
	title		= "FITSH - a software package for image processing",
	journal		= "MNRAS",
	year		= 2012,
	volume		= 421,
	pages		= 1825
}

@article{ivezic2008,
	author		= "Ivezi{\'c}, {\v Z}. and others",
	title		= "LSST: from Science Drivers to Reference Design and Anticipated Data Products",
	year		= 2008,
	eprint 		= "arXiv:0805.2366",
	url		= "http://lsst.org/lsst/overview/"
}
	
@article{kaiser2002,
	author		= "Kaiser, N. and others",
	title		= "Survey and Other Telescope Technologies and Discoveries",
	year		= 2002,
	journal		= "Proceedings of the SPIE",
	volume		= 4836,
	pages		= 154
}

@article{borucki2007,
	author		= "Borucki, W. and others",
	year		= 2007, 
	journal		= "ASP Conf. Ser.", 
	volume		= 366, 
	pages 		= 309
}

@article{durech2011,
	author		= "{\v D}urech, J. and Sidorin, V. and Kaasalainen, M.",
	year		= 2010, 
	journal		= "A{\&}A",
	volume		= 513, 
	pages		= 46
}


@article{hartmann1996,
	author		= "Hartmann, L. and Kenyon, S. J.",
	year		= 1996, 
	journal		= "ARA{\&}A", 
	volume		= 34, 
	pages		= 207
}

@article{abraham2009,
	author		= "{\'A}brah{\'a}m, P. and others",
	year		= 2009, 
	journal		= "Nature", 
	volume		= 459, 
	pages		= 224
}

@article{strassmeier2009,
	author		= "Strassmeier, K. G.",
	year		= 2009, 
	journal		= "A{\&}ARv", 
	volume		= 17, 
	pages		= 251
}

@article{hartman2011,
	author		= "Hartman, J. D. and others",
	year		= 2011, 
	journal		= "AJ", 
	volume		= 141, 
	pages		= 166
}

@article{walkowicz2011,
	author		= "Walkowicz, L. M. and others",
	year		= 2011, 
	journal		= "AJ", 
	volume		= 141, 
	pages		= 50
}

@article{olah2009,
	author		= "Ol{\'a}h, K. and others",
	year		= 2009, 
	journal		= "A{\&}A", 
	volume		= 501, 
	pages		= 703
}

@article{latham2009,
	author		= "Latham, D. W. and others",
	year		= 2009, 
	journal		= "ApJ", 
	volume		= 704, 
	pages		= 1107
}

@article{pollacco2004,
	author		= "Pollacco, D. and others",
	year		= 2006, 
	journal		= "Ap{\&}SS", 
	volume		= 304, 
	pages		= 253
}

@article{bakos2004,
	author		= "Bakos, G. \'A. and others",
	year		= 2004, 
	journal		= "PASP", 
	volume		= 116, 
	pages		= 26
}

@article{pepper2007,
	author		= "Pepper, J. and others",
	year		= 2007, 
	journal		= "PASP", 
	volume		= 119, 
	pages		= 923
}

@article{vinko2012,
	author		= "Vink\'o, J. and others",
	year		= 2012,
	journal		= "A{\&}A",
	volume		= 546,
	pages		= 12
}

