@ARTICLE{1996A&AS..117..393B,
   author = {{Bertin}, E. and {Arnouts}, S.},
    title = "{SExtractor: Software for source extraction.}",
  journal = {\aaps},
 keywords = {METHODS: DATA ANALYSIS, TECHNIQUES: IMAGE PROCESSING, GALAXIES: PHOTOMETRY},
     year = 1996,
    month = jun,
   volume = 117,
    pages = {393-404},
   adsurl = {http://adsabs.harvard.edu/abs/1996A%26AS..117..393B},
  adsnote = {Provided by the SAO/NASA Astrophysics Data System}
}
@INPROCEEDINGS{2011ASPC..442..435B,
   author = {{Bertin}, E.},
    title = "{Automated Morphometry with SExtractor and PSFEx}",
booktitle = {Astronomical Data Analysis Software and Systems XX},
     year = 2011,
   series = {Astronomical Society of the Pacific Conference Series},
   volume = 442,
   editor = {{Evans}, I.~N. and {Accomazzi}, A. and {Mink}, D.~J. and {Rots}, A.~H.
	},
    month = jul,
    pages = {435},
   adsurl = {http://adsabs.harvard.edu/abs/2011ASPC..442..435B},
  adsnote = {Provided by the SAO/NASA Astrophysics Data System}
}
@ARTICLE{2012ApJ...757...83D,
   author = {{Desai}, S. and others},
    title = "{The Blanco Cosmology Survey: Data Acquisition, Processing, Calibration, Quality Diagnostics, and Data Release}",
  journal = {\apj},
archivePrefix = "arXiv",
   eprint = {1204.1210},
 primaryClass = "astro-ph.CO",
 keywords = {cosmology: observations, galaxies: clusters: general, methods: data analysis, surveys, techniques: image processing},
     year = 2012,
    month = sep,
   volume = 757,
      eid = {83},
    pages = {83},
      doi = {10.1088/0004-637X/757/1/83},
   adsurl = {http://adsabs.harvard.edu/abs/2012ApJ...757...83D},
  adsnote = {Provided by the SAO/NASA Astrophysics Data System}
}
@INPROCEEDINGS{2012APS..APR.D7007F,
   author = {{Flaugher}, B.},
    title = "{The Dark Energy Survey}",
booktitle = {APS April Meeting Abstracts},
     year = 2012,
    month = mar,
    pages = {D7007},
   adsurl = {http://adsabs.harvard.edu/abs/2012APS..APR.D7007F},
  adsnote = {Provided by the SAO/NASA Astrophysics Data System}
}
@INPROCEEDINGS{2002SPIE.4836..154K,
   author = {{Kaiser}, N. and others},
    title = "{Pan-STARRS: A Large Synoptic Survey Telescope Array}",
booktitle = {Society of Photo-Optical Instrumentation Engineers (SPIE) Conference Series},
     year = 2002,
   series = {Society of Photo-Optical Instrumentation Engineers (SPIE) Conference Series},
   volume = 4836,
   editor = {{Tyson}, J.~A. and {Wolff}, S.},
    month = dec,
    pages = {154-164},
      doi = {10.1117/12.457365},
   adsurl = {http://adsabs.harvard.edu/abs/2002SPIE.4836..154K},
  adsnote = {Provided by the SAO/NASA Astrophysics Data System}
}
@INPROCEEDINGS{2008SPIE.7016E..17M,
   author = {{Mohr}, J.~J. and others},
    title = "{The Dark Energy Survey data management system}",
booktitle = {Society of Photo-Optical Instrumentation Engineers (SPIE) Conference Series},
     year = 2008,
   series = {Society of Photo-Optical Instrumentation Engineers (SPIE) Conference Series},
   volume = 7016,
archivePrefix = "arXiv",
   eprint = {0807.2515},
    month = jul,
      doi = {10.1117/12.789550},
   adsurl = {http://adsabs.harvard.edu/abs/2008SPIE.7016E..17M},
  adsnote = {Provided by the SAO/NASA Astrophysics Data System}
}
@ARTICLE{2011arXiv1110.3193L,
   author = {{Laureijs}, R. and others},
    title = "{Euclid Definition Study Report}",
  journal = {ArXiv e-prints},
archivePrefix = "arXiv",
   eprint = {1110.3193},
 primaryClass = "astro-ph.CO",
 keywords = {Astrophysics - Cosmology and Extragalactic Astrophysics, Astrophysics - Galaxy Astrophysics},
     year = 2011,
    month = oct,
   adsurl = {http://adsabs.harvard.edu/abs/2011arXiv1110.3193L},
  adsnote = {Provided by the SAO/NASA Astrophysics Data System}
}
@INPROCEEDINGS{2010AAS...21547007L,
   author = {{Lin}, H. and others},
    title = "{Dark Energy Survey Simulations}",
booktitle = {American Astronomical Society Meeting Abstracts \#215},
     year = 2010,
   series = {Bulletin of the American Astronomical Society},
   volume = 42,
    month = jan,
    pages = {470.07},
   adsurl = {http://adsabs.harvard.edu/abs/2010AAS...21547007L},
  adsnote = {Provided by the SAO/NASA Astrophysics Data System}
}
@BOOK{1968adga.book.S,
   author = {{Sersic}, J.~L.},
    title = "{Atlas de galaxias australes}",
 keywords = {GALAXIES, GROUPS OF GALAXIES, ATLASES},
booktitle = {Cordoba, Argentina: Observatorio Astronomico, 1968},
     year = 1968,
   adsurl = {http://adsabs.harvard.edu/abs/1968adga.book.....S},
  adsnote = {Provided by the SAO/NASA Astrophysics Data System}
}
