@article{buckle_2009,
        author          = "Buckle, J. V. and others",
	title		= "HARP/ACSIS: a submillimetre spectral imaging system on the James Clerk Maxwell Telescope",
	journal		= "MNRAS",
	year		= 2009,
	volume		= 399,
	pages		= 1026,
}

@article{cavanagh_2008,
	author		= "Cavanagh, B. and Jenness, T. and Economou, F. and Currie, M. J.",
	title		= "The ORAC-DR data reduction pipeline",
	journal		= "Astron. Nachr.",
	year		= 2008,
	volume		= 329,
	pages		= 295,
}

@inproceedings{jenness_2008,
	author		= "Jenness, T. and Cavanagh, B. and Economou, F. and Berry, D. S.",
	title		= "JCMT Science Archive: Advanced Heterodyne Data Products Pipeline",
	booktitle	= "ADASS XVII",
	year		= 2008,
	editor		= "Argyle, R. W. and Bunclark, P. S. and Lewis, J. R.",
	volume		= 394,
	series		= "ASP Conf. Ser.",
	pages		= 565,
	publisher	= "ASP",
	address		= "San Francisco",
}
