
@INPROCEEDINGS{2008ASPC..394..481W,
   author = {{Whitmore}, B. and {Lindsay}, K. and {Stankiewicz}, M.},
    title = "{Source Lists for the Hubble Legacy Archive (HLA)}",
booktitle = {Astronomical Data Analysis Software and Systems XVII},
     year = 2008,
   series = {Astronomical Society of the Pacific Conference Series},
   volume = 394,
   editor = "{R.~W.~Argyle, P.~S.~Bunclark, \& J.~R.~Lewis}",
    month = aug,
    pages = {481-+},
   adsurl = {http://adsabs.harvard.edu/abs/2008ASPC..394..481W},
  adsnote = {Provided by the SAO/NASA Astrophysics Data System}
}
@ARTICLE{2012arXiv1206.0644B,
   author = {{Budavari}, T. and {Lubow}, S.~H.},
    title = "{Catalog Matching with Astrometric Correction and its Application to the Hubble Legacy Archive}",
  journal = {ArXiv e-prints},
archivePrefix = "arXiv",
   eprint = {1206.0644},
 primaryClass = "astro-ph.IM",
 keywords = {Astrophysics - Instrumentation and Methods for Astrophysics},
     year = 2012,
    month = jun,
   adsurl = {http://adsabs.harvard.edu/abs/2012arXiv1206.0644B},
  adsnote = {Provided by the SAO/NASA Astrophysics Data System}
}
@ARTICLE{2008ApJ...679..301B,
   author = {{Budav{\'a}ri}, T. and {Szalay}, A.~S.},
    title = "{Probabilistic Cross-Identification of Astronomical Sources}",
  journal = {\apj},
archivePrefix = "arXiv",
   eprint = {0707.1611},
 keywords = {Astrometry, Catalogs, Galaxies: Statistics, Methods: Statistical},
     year = 2008,
    month = may,
   volume = 679,
    pages = {301-309},
      doi = {10.1086/587156},
   adsurl = {http://adsabs.harvard.edu/abs/2008ApJ...679..301B},
  adsnote = {Provided by the SAO/NASA Astrophysics Data System}
}
