@MISC{rjbbash,
author="Brunner, Robert J.",
title = {BASH Shell Tutorial},
publisher	= "IBM developerWorks",
month = May,
year = {2006},
howpublished={\url{http://www.ibm.com/developerworks/aix/tutorials/au-bash/authors.html}}
}

@MISC{rjbderby,
author="Brunner, Robert J.",
title = {Developing with Apache Derby},
publisher	= "IBM developerWorks",
month = Mar,
year = {2006},
howpublished={\url{http://www.ibm.com/developerworks/opensource/library/os-ad-trifecta2/index.html}}
}

@MISC{rjbpython,
author="Brunner, Robert J.",
title = {Discover Python},
publisher	= "IBM developerWorks",
month = May,
year = {2005},
howpublished={\url{http://www.ibm.com/developerworks/opensource/library/os-python1/index.html}}
}

@MISC{python,
author={Python{ S}oftware{ F}oundation},
title = {The Python Project},
month = Nov,
year = {2012},
howpublished={\url{http://www.python.org/}}
}


@MISC{rproject,
author={R{ F}oundation},
title = {The R Project for Statistical Computing},
month = Nov,
year = {2012},
howpublished={\url{http://www.r-project.org}}
}


@book{tufte09,
	author		= "Tufte, Edward",
	title		= "The Visual Display of Quantitative Information",
	publisher	= "Graphics Press",
	address		= "Cheshire, CO",
	year		= 2009
	}

@book{downey11,
	author		= "Downey, Allen B.",
	title		= "Think Stats",
	publisher	= "O'Reilly",
	address		= "Sebastopol, CA",
	year		= 2011
	}

@book{Janert10,
	author		= "Janert, Philip K.",
	title		= "Data Analysis with Open Source Tools",
	publisher	= "O'Reilly",
	address		= "Sebastopol, CA",
	year		= 2011
	}

@MISC{loukides,
author="Loukides, Mike",
title={What is Data Science},
howpublished={\url{http://radar.oreilly.com/2010/06/what-is-data-science.html}},
publisher="O'Reilly",
year=2010
}



