@ARTICLE{2000AJ....120.1579Y,
   author = {{York}, D.~G. and {Adelman}, J. and {Anderson}, Jr., J.~E. and 
	{Anderson}, S.~F. and {Annis}, J. and {Bahcall}, N.~A. and {Bakken}, J.~A. and 
	{Barkhouser}, R. and {Bastian}, S. and {Berman}, E. and {Boroski}, W.~N. and 
	{Bracker}, S. and {Briegel}, C. and {Briggs}, J.~W. and {Brinkmann}, J. and 
	{Brunner}, R. and {Burles}, S. and {Carey}, L. and {Carr}, M.~A. and 
	{Castander}, F.~J. and {Chen}, B. and {Colestock}, P.~L. and 
	{Connolly}, A.~J. and {Crocker}, J.~H. and {Csabai}, I. and 
	{Czarapata}, P.~C. and {Davis}, J.~E. and {Doi}, M. and {Dombeck}, T. and 
	{Eisenstein}, D. and {Ellman}, N. and {Elms}, B.~R. and {Evans}, M.~L. and 
	{Fan}, X. and {Federwitz}, G.~R. and {Fiscelli}, L. and {Friedman}, S. and 
	{Frieman}, J.~A. and {Fukugita}, M. and {Gillespie}, B. and 
	{Gunn}, J.~E. and {Gurbani}, V.~K. and {de Haas}, E. and {Haldeman}, M. and 
	{Harris}, F.~H. and {Hayes}, J. and {Heckman}, T.~M. and {Hennessy}, G.~S. and 
	{Hindsley}, R.~B. and {Holm}, S. and {Holmgren}, D.~J. and {Huang}, C.-h. and 
	{Hull}, C. and {Husby}, D. and {Ichikawa}, S.-I. and {Ichikawa}, T. and 
	{Ivezi{\'c}}, {\v Z}. and {Kent}, S. and {Kim}, R.~S.~J. and 
	{Kinney}, E. and {Klaene}, M. and {Kleinman}, A.~N. and {Kleinman}, S. and 
	{Knapp}, G.~R. and {Korienek}, J. and {Kron}, R.~G. and {Kunszt}, P.~Z. and 
	{Lamb}, D.~Q. and {Lee}, B. and {Leger}, R.~F. and {Limmongkol}, S. and 
	{Lindenmeyer}, C. and {Long}, D.~C. and {Loomis}, C. and {Loveday}, J. and 
	{Lucinio}, R. and {Lupton}, R.~H. and {MacKinnon}, B. and {Mannery}, E.~J. and 
	{Mantsch}, P.~M. and {Margon}, B. and {McGehee}, P. and {McKay}, T.~A. and 
	{Meiksin}, A. and {Merelli}, A. and {Monet}, D.~G. and {Munn}, J.~A. and 
	{Narayanan}, V.~K. and {Nash}, T. and {Neilsen}, E. and {Neswold}, R. and 
	{Newberg}, H.~J. and {Nichol}, R.~C. and {Nicinski}, T. and 
	{Nonino}, M. and {Okada}, N. and {Okamura}, S. and {Ostriker}, J.~P. and 
	{Owen}, R. and {Pauls}, A.~G. and {Peoples}, J. and {Peterson}, R.~L. and 
	{Petravick}, D. and {Pier}, J.~R. and {Pope}, A. and {Pordes}, R. and 
	{Prosapio}, A. and {Rechenmacher}, R. and {Quinn}, T.~R. and 
	{Richards}, G.~T. and {Richmond}, M.~W. and {Rivetta}, C.~H. and 
	{Rockosi}, C.~M. and {Ruthmansdorfer}, K. and {Sandford}, D. and 
	{Schlegel}, D.~J. and {Schneider}, D.~P. and {Sekiguchi}, M. and 
	{Sergey}, G. and {Shimasaku}, K. and {Siegmund}, W.~A. and {Smee}, S. and 
	{Smith}, J.~A. and {Snedden}, S. and {Stone}, R. and {Stoughton}, C. and 
	{Strauss}, M.~A. and {Stubbs}, C. and {SubbaRao}, M. and {Szalay}, A.~S. and 
	{Szapudi}, I. and {Szokoly}, G.~P. and {Thakar}, A.~R. and {Tremonti}, C. and 
	{Tucker}, D.~L. and {Uomoto}, A. and {Vanden Berk}, D. and {Vogeley}, M.~S. and 
	{Waddell}, P. and {Wang}, S.-i. and {Watanabe}, M. and {Weinberg}, D.~H. and 
	{Yanny}, B. and {Yasuda}, N. and {SDSS Collaboration}},
    title = "{The Sloan Digital Sky Survey: Technical Summary}",
  journal = {\aj},
   eprint = {arXiv:astro-ph/0006396},
 keywords = {Cosmology: Observations, Instrumentation: Miscellaneous},
     year = 2000,
    month = sep,
   volume = 120,
    pages = {1579-1587},
      doi = {10.1086/301513},
   adsurl = {http://adsabs.harvard.edu/abs/2000AJ....120.1579Y},
  adsnote = {Provided by the SAO/NASA Astrophysics Data System}
}

@INPROCEEDINGS{2007AAS...211.9403R,
   author = {{Raddick}, J. and {Lintott}, C.~J. and {Schawinski}, K. and 
	{Thomas}, D. and {Nichol}, R.~C. and {Andreescu}, D. and {Bamford}, S. and 
	{Land}, K.~R. and {Murray}, P. and {Slosar}, A. and {Szalay}, A.~S. and 
	{Vandenberg}, J. and {Galaxy Zoo Team}},
    title = "{Galaxy Zoo: An Experiment in Public Science Participation}",
booktitle = {American Astronomical Society Meeting Abstracts},
     year = 2007,
   series = {Bulletin of the American Astronomical Society},
   volume = 39,
    month = dec,
    pages = {892},
   adsurl = {http://adsabs.harvard.edu/abs/2007AAS...211.9403R},
  adsnote = {Provided by the SAO/NASA Astrophysics Data System}
}

@ARTICLE{2009MNRAS.399..129L,
   author = {{Lintott}, C.~J. and {Schawinski}, K. and {Keel}, W. and {van Arkel}, H. and 
	{Bennert}, N. and {Edmondson}, E. and {Thomas}, D. and {Smith}, D.~J.~B. and 
	{Herbert}, P.~D. and {Jarvis}, M.~J. and {Virani}, S. and {Andreescu}, D. and 
	{Bamford}, S.~P. and {Land}, K. and {Murray}, P. and {Nichol}, R.~C. and 
	{Raddick}, M.~J. and {Slosar}, A. and {Szalay}, A. and {Vandenberg}, J.
	},
    title = "{Galaxy Zoo: `Hanny's Voorwerp', a quasar light echo?}",
  journal = {\mnras},
archivePrefix = "arXiv",
   eprint = {0906.5304},
 primaryClass = "astro-ph.CO",
 keywords = {galaxies: active , galaxies: individual: IC2497 , galaxies: peculiar , quasars: general},
     year = 2009,
    month = oct,
   volume = 399,
    pages = {129-140},
      doi = {10.1111/j.1365-2966.2009.15299.x},
   adsurl = {http://adsabs.harvard.edu/abs/2009MNRAS.399..129L},
  adsnote = {Provided by the SAO/NASA Astrophysics Data System}
}

@ARTICLE{2009MNRAS.399.1191C,
   author = {{Cardamone}, C. and {Schawinski}, K. and {Sarzi}, M. and {Bamford}, S.~P. and 
	{Bennert}, N. and {Urry}, C.~M. and {Lintott}, C. and {Keel}, W.~C. and 
	{Parejko}, J. and {Nichol}, R.~C. and {Thomas}, D. and {Andreescu}, D. and 
	{Murray}, P. and {Raddick}, M.~J. and {Slosar}, A. and {Szalay}, A. and 
	{Vandenberg}, J.},
    title = "{Galaxy Zoo Green Peas: discovery of a class of compact extremely star-forming galaxies}",
  journal = {\mnras},
archivePrefix = "arXiv",
   eprint = {0907.4155},
 primaryClass = "astro-ph.CO",
 keywords = {galaxies: dwarf , galaxies: evolution , galaxies: formation , galaxies: high-redshift , galaxies: Seyfert , galaxies: starburst},
     year = 2009,
    month = nov,
   volume = 399,
    pages = {1191-1205},
      doi = {10.1111/j.1365-2966.2009.15383.x},
   adsurl = {http://adsabs.harvard.edu/abs/2009MNRAS.399.1191C},
  adsnote = {Provided by the SAO/NASA Astrophysics Data System}
}

@ARTICLE{2002cs........2013S,
   author = {{Szalay}, A.~S. and {Gray}, J. and {Thakar}, A.~R. and {Kunszt}, P.~Z. and 
	{Malik}, T. and {Raddick}, J. and {Stoughton}, C. and {vandenBerg}, J.
	},
    title = "{The SDSS SkyServer: Public Access to the Sloan Digital Sky Server Data}",
  journal = {eprint arXiv:cs/0202013},
   eprint = {arXiv:cs/0202013},
 keywords = {Computer Science - Digital Libraries, Computer Science - Databases, H.3.7, H.3.5, H.2, H.3, H.4, H.5},
     year = 2002,
    month = feb,
   adsurl = {http://adsabs.harvard.edu/abs/2002cs........2013S},
  adsnote = {Provided by the SAO/NASA Astrophysics Data System}
}

@misc{Atwood,
  title = {The Principle of Least Power},
  author = {{Atwood}, J.},
  howpublished = {\url{http://www.codinghorror.com/blog/2007/07/the-principle-of-least-power.html}},
  year = 2007,
  month = jul,
  day = 17
}

@ARTICLE{2011ascl.soft01010T,
   author = {{Taylor}, M.},
    title = "{TOPCAT: Tool for OPerations on Catalogues And Tables}",
  journal = {Astrophysics Source Code Library},
     year = 2011,
    month = jan,
    pages = {1010},
   adsurl = {http://adsabs.harvard.edu/abs/2011ascl.soft01010T},
  adsnote = {Provided by the SAO/NASA Astrophysics Data System}
}

@ARTICLE{2000ascl.soft03002S,
   author = {{Smithsonian Astrophysical Observatory}},
    title = "{SAOimage: A utility for displaying astronomical images in the X11 window environment}",
  journal = {Astrophysics Source Code Library},
     year = 2000,
    pages = {3002},
   adsurl = {http://adsabs.harvard.edu/abs/2000ascl.soft03002S},
  adsnote = {Provided by the SAO/NASA Astrophysics Data System}
}

@ARTICLE{2010A&A...524A..42P,
   author = {{Pence}, W.~D. and {Chiappetti}, L. and {Page}, C.~G. and {Shaw}, R.~A. and 
	{Stobie}, E.},
    title = "{Definition of the Flexible Image Transport System (FITS), version 3.0}",
  journal = {\aap},
 keywords = {instrumentation: miscellaneous, methods: miscellaneous, techniques: miscellaneous, reference systems, standards, astronomical databases: miscellaneous},
     year = 2010,
    month = dec,
   volume = 524,
      eid = {A42},
    pages = {A42},
      doi = {10.1051/0004-6361/201015362},
   adsurl = {http://adsabs.harvard.edu/abs/2010A%26A...524A..42P},
  adsnote = {Provided by the SAO/NASA Astrophysics Data System}
}

@ARTICLE{1995A&AS..113..159C,
   author = {{Cotton}, W.~D. and {Tody}, D. and {Pence}, W.~D.},
    title = "{Binary table extension to FITS.}",
  journal = {\aaps},
 keywords = {TECHNIQUES: MISCELLANEOUS, IMAGE PROCESSING},
     year = 1995,
    month = oct,
   volume = 113,
    pages = {159},
   adsurl = {http://adsabs.harvard.edu/abs/1995A%26AS..113..159C},
  adsnote = {Provided by the SAO/NASA Astrophysics Data System}
}


@ARTICLE{2012arXiv1201.1336W,
   author = {{White}, R.~L. and {Greenfield}, P. and {Pence}, W. and {Tody}, D. and 
	{Seaman}, R.},
    title = "{Tiled Image Convention for Storing Compressed Images in FITS Binary Tables}",
  journal = {ArXiv e-prints},
archivePrefix = "arXiv",
   eprint = {1201.1336},
 primaryClass = "astro-ph.IM",
 keywords = {Astrophysics - Instrumentation and Methods for Astrophysics},
     year = 2012,
    month = jan,
   adsurl = {http://adsabs.harvard.edu/abs/2012arXiv1201.1336W},
  adsnote = {Provided by the SAO/NASA Astrophysics Data System}
}

@ARTICLE{2002A&A...395.1077C,
   author = {{Calabretta}, M.~R. and {Greisen}, E.~W.},
    title = "{Representations of celestial coordinates in FITS}",
  journal = {\aap},
   eprint = {arXiv:astro-ph/0207413},
 keywords = {methods: data analysis, techniques: image processing, astronomical data bases: miscellaneous, astrometry},
     year = 2002,
    month = dec,
   volume = 395,
    pages = {1077-1122},
      doi = {10.1051/0004-6361:20021327},
   adsurl = {http://adsabs.harvard.edu/abs/2002A%26A...395.1077C},
  adsnote = {Provided by the SAO/NASA Astrophysics Data System}
}

@misc{W3CFileAPI,
  title = {File API W3C Working Draft},
  author = {W3C},
  howpublished = {\url{http://www.w3.org/TR/FileAPI/}},
  year = 2012,
  month = oct,
  day = 25
}

@misc{W3CXHR,
  title = {XMLHttpRequest Level 2},
  author = {W3C},
  howpublished = {\url{http://www.w3.org/TR/2012/WD-XMLHttpRequest-20120117/}},
  year = 2012,
  month = jan,
  day = 17
}

@misc{KhronosTypedArray,
  title = {Typed Array Specification},
  author = {Khronos},
  howpublished = {\url{https://www.khronos.org/registry/typedarray/specs/latest/}},
  year = 2012,
  month = jul,
  day = 4
}

@misc{KhronosWebGL,
  title = {WebGL Specification},
  author = {Khronos},
  howpublished = {\url{https://www.khronos.org/registry/typedarray/specs/latest/}},
  year = 2011,
  month = feb,
  day = 10
}