@ARTICLE{TAP,
  title = {Table Access Protocol Version 1.0},
  author = {P. Dowler and others},
  year = {2010}, 
  journal= {IVOA Standard}, 
  Note = {\url{http://www.ivoa.net/Documents/TAP/20100327/}},
  }

@ARTICLE{SCS,
  title = {Simple Cone Search
Version 1.03 },
  author = {R. Williams and others},
  year = {2008},
  journal= {IVOA Standard},
  Note = {\url{http://www.ivoa.net/Documents/latest/ConeSearch.html}}
}

@ARTICLE{SIAP,
  title = {Simple Image Access Specification
Version 1.00 },
  author = {D. Tody and others},
  year = {2009},
  journal= {IVOA Standard},
  Note = {\url{http://www.ivoa.net/Documents/SIA/}}
}

@ARTICLE{SSAP,
  title = {Simple Spectral Access Protocol
Version 1.1 },
  author = {D. Tody and others},
  year = {2012},
  journal= {IVOA Standard},
  Note = {\url{http://www.ivoa.net/Documents/SSA/}}
}
@ARTICLE{ADQL,
  title = {IVOA Astronomical Data Query Language
Version 2.0 },
  author = {I. Ortiz and others},
  year = {2008},
  journal= {IVOA Standard},
  Note = {\url{http://www.ivoa.net/Documents/latest/ADQL.html}}
}

@ARTICLE{REG,
  title = {IVOA Registry Interfaces
Version 1.0 },
  author = {K. Benson and others},
  year = {2009},
  journal= {IVOA Standard},
  Note = {\url{http://www.ivoa.net/Documents/RegistryInterface/}}
}
@ARTICLE{UWS,
  title = {Universal Worker Service Pattern
Version 1.0 },
  author = {P. Harrison and others},
  year = {2010},
  journal= {IVOA Standard},
  Note = {\url{http://www.ivoa.net/Documents/UWS/}}
}
@ARTICLE{OBSCORE,
	author = {Mireille Louys and others}, 
	year =   {2011},
	title = {Observation Data Model Core Components and its Implementation in the Table Access Protocol
Version 1.0l},
	journal= {IVOA Standard},
	Note = {\url{http://www.ivoa.net/Documents/ObsCore/index.html}}
}
@INPROCEEDINGS{SAADA,
   author = {{Michel} and others},
    title = "{Building Astronomical Databases with Saada}",
booktitle = {Astronomical Data Analysis Software and Systems XIX},
     year = 2010,
   series = {Astronomical Society of the Pacific Conference Series},
   volume = 434,
   editor = "{Y.~Mizumoto, K.-I.~Morita, \& M.~Ohishi}",
    month = dec,
    pages = {491-+},
   adsurl = {http://cdsads.u-strasbg.fr/abs/2010ASPC..434..491M},
  adsnote = {Provided by the SAO/NASA Astrophysics Data System}
}

@inproceedings{P03_adassxxii,
         author 	= "{Barache C. and others}",
  	booktitle 	= "ADASS XXII",
  	year 	= 2012,
  	editor 	= "D. Friedel and R. Plante",
  	volume 	= "TBD",
  	series 	= "ASP Conf. Ser.",
  	pages 	= "TBD",
  	publisher 	= "ASP",
  	address 	="San Francisco"

}
