@ARTICLE{2008NJPh...10l5006D,
   author = {{Dolag}, K. and {Reinecke}, M. and {Gheller}, C. and {Imboden}, S.
	},
    title = "{Splotch: visualizing cosmological simulations}",
  journal = {New Journal of Physics},
archivePrefix = "arXiv",
   eprint = {0807.1742},
     year = 2008,
    month = dec,
   volume = 10,
   number = 12,
    pages = {125006-+},
      doi = {10.1088/1367-2630/10/12/125006},
   adsurl = {http://adsabs.harvard.edu/abs/2008NJPh...10l5006D},
  adsnote = {Provided by the SAO/NASA Astrophysics Data System}
}

@BOOK{1991par..book.....S,
   author = {{Shu}, F.},
    title = "{Physics of Astrophysics: Volume I Radiation}",
publisher = {Published by University Science Books, 648 Broadway, Suite 902, New York, NY 10012, 1991.},
     year = 1991,
   adsurl = {http://adsabs.harvard.edu/abs/1991par..book.....S},
  adsnote = {Provided by the SAO/NASA Astrophysics Data System}
}

@ARTICLE{springel2005,
   author = {{Springel}, V.},
    title = "{The cosmological simulation code GADGET-2}",
  journal = {\mnras},
     year = 2005,
    month = dec,
   volume = 364,
    pages = {1105-1134},
      doi = {10.1111/j.1365-2966.2005.09655.x},
   adsurl = {http://cdsads.u-strasbg.fr/cgi-bin/nph-bib_query?bibcode=2005MNRAS.364.1105S&db_key=AST},
  adsnote = {Provided by the Smithsonian/NASA Astrophysics Data System}
}


@ARTICLE{ jin:high-performance,
AUTHOR = "Zhefan Jin and Mel Krokos and Marzia Rivi and Claudio Gheller and Klaus Dolag and Martin Reinecke",
TITLE = "High-performance astrophysical visualization using Splotch",
JOURNAL = "Procedia Computer Science",
PAGES = {1775-1784},
VOLUME = 1,
YEAR = {2010},
  }

@ARTICLE{cusplotch,
AUTHOR = "{Rivi}, M. and {Gheller}, C. and {Krokos}, M. and {Dolag}, K. and {Reinecke}, M.",
TITLE = "GPU visualisation of astrophysical data with Splotch",
JOURNAL = "in preparation",
YEAR = {2012},
  }

