@INPROCEEDINGS{2003ASPC..295..489J,
   author = {{Joye}, W.~A. and {Mandel}, E.},
    title = "{New Features of SAOImage DS9}",
booktitle = {ADASS XII},
     year = 2003,
   series = {ASP Conf. Ser.},
   volume = 295,
   editor = "{H.~E.~Payne, R.~I.~Jedrzejewski, \& R.~N.~Hook}",
    pages = {489-+},
publisher       = "ASP",
address ="San Francisco",
   adsurl = {http://adsabs.harvard.edu/abs/2003ASPC..295..489J},
  adsnote = {Provided by the SAO/NASA Astrophysics Data System}
}

@INPROCEEDINGS{2006SPIE.6270E..60F,
   author = {{Fruscione}, A. and others},
    title = "{CIAO: Chandra's data analysis system}",
booktitle = "{Observatory Operations: Strategies, Processes, and Systems}",
     year = 2006,
   series = "{SPIE Conf. Ser.}",
   volume = 6270,
    month = jul,
      doi = {10.1117/12.671760},
PUBLISHER = "{SPIE/IS\&T}",
  ADDRESS = "{Bellingham, WA}",
   adsurl = {http://adsabs.harvard.edu/abs/2006SPIE.6270E..60F},
  adsnote = {Provided by the SAO/NASA Astrophysics Data System}
}


@INPROCEEDINGS{2006vopc.conf...54M,
   author = {{Mink}, D. and {Doane}, A. and {Simcoe}, R. and {Los}, E. and 
	{Grindlay}, J.},
    title = "{The Harvard Plate Scanning Project}",
booktitle = {Virtual Observatory: Plate Content Digitization, Archive Mining and Image Sequence Processing},
     year = 2006,
   editor = {{Tsvetkov}, M. and {Golev}, V. and {Murtagh}, F. and {Molina}, R.
	},
    month = apr,
    pages = {54-60},
   adsurl = {http://adsabs.harvard.edu/abs/2006vopc.conf...54M},
  adsnote = {Provided by the SAO/NASA Astrophysics Data System}
}



@ARTICLE{1981A&AS...44..363W,
   author = {{Wells}, D.~C. and {Greisen}, E.~W. and {Harten}, R.~H.},
    title = "{FITS - a Flexible Image Transport System}",
  journal = {\aaps},
     year = 1981,
    month = jun,
   volume = 44,
    pages = {363},
   adsurl = {http://adsabs.harvard.edu/abs/1981A%26AS...44..363W},
  adsnote = {Provided by the SAO/NASA Astrophysics Data System}
}

@INPROCEEDINGS{2011ASPC..442..629G,
   author = {{Glotfelty}, K.~J. and {Miller}, J. and {Chen}, J.},
    title = "{dax: DS9 Analysis Extensions in CIAO}",
booktitle = {Astronomical Data Analysis Software and Systems XX},
     year = 2011,
   series = {Astronomical Society of the Pacific Conference Series},
   volume = 442,
   editor = {{Evans}, I.~N. and {Accomazzi}, A. and {Mink}, D.~J. and {Rots}, A.~H.
	},
    month = jul,
    pages = {629},
   adsurl = {http://adsabs.harvard.edu/abs/2011ASPC..442..629G},
  adsnote = {Provided by the SAO/NASA Astrophysics Data System}
}




@ARTICLE{2010ApJS..189...37E,
   author = {{Evans}, I.~N. and {Primini}, F.~A. and {Glotfelty}, K.~J. and 
	{Anderson}, C.~S. and {Bonaventura}, N.~R. and {Chen}, J.~C. and 
	{Davis}, J.~E. and {Doe}, S.~M. and {Evans}, J.~D. and {Fabbiano}, G. and 
	{Galle}, E.~C. and {Gibbs}, II, D.~G. and {Grier}, J.~D. and 
	{Hain}, R.~M. and {Hall}, D.~M. and {Harbo}, P.~N. and {(Helen He}, X. and 
	{Houck}, J.~C. and {Karovska}, M. and {Kashyap}, V.~L. and {Lauer}, J. and 
	{McCollough}, M.~L. and {McDowell}, J.~C. and {Miller}, J.~B. and 
	{Mitschang}, A.~W. and {Morgan}, D.~L. and {Mossman}, A.~E. and 
	{Nichols}, J.~S. and {Nowak}, M.~A. and {Plummer}, D.~A. and 
	{Refsdal}, B.~L. and {Rots}, A.~H. and {Siemiginowska}, A. and 
	{Sundheim}, B.~A. and {Tibbetts}, M.~S. and {Van Stone}, D.~W. and 
	{Winkelman}, S.~L. and {Zografou}, P.},
    title = "{The Chandra Source Catalog}",
  journal = {\apjs},
archivePrefix = "arXiv",
   eprint = {1005.4665},
 primaryClass = "astro-ph.HE",
 keywords = {catalogs, X-rays: general},
     year = 2010,
    month = jul,
   volume = 189,
      eid = {37},
    pages = {37-82},
      doi = {10.1088/0067-0049/189/1/37},
   adsurl = {http://adsabs.harvard.edu/abs/2010ApJS..189...37E},
  adsnote = {Provided by the SAO/NASA Astrophysics Data System}
}

@INPROCEEDINGS{2011ASPC..442..649V,
   author = {{van Stone}, D. and {Harbo}, P. and {Tibbetts}, M. and {Zografou}, P.
	},
    title = "{CSCview: A Graphical User Interface to the Chandra Source Catalog}",
booktitle = {Astronomical Data Analysis Software and Systems XX},
     year = 2011,
   series = {Astronomical Society of the Pacific Conference Series},
   volume = 442,
   editor = {{Evans}, I.~N. and {Accomazzi}, A. and {Mink}, D.~J. and {Rots}, A.~H.
	},
    month = jul,
    pages = {649},
   adsurl = {http://adsabs.harvard.edu/abs/2011ASPC..442..649V},
  adsnote = {Provided by the SAO/NASA Astrophysics Data System}
}

@INPROCEEDINGS{2005ASPC..347...29T,
   author = {{Taylor}, M.~B.},
    title = "{TOPCAT {\amp} STIL: Starlink Table/VOTable Processing Software}",
booktitle = {Astronomical Data Analysis Software and Systems XIV},
     year = 2005,
   series = {Astronomical Society of the Pacific Conference Series},
   volume = 347,
   editor = {{Shopbell}, P. and {Britton}, M. and {Ebert}, R.},
    month = dec,
    pages = {29},
   adsurl = {http://adsabs.harvard.edu/abs/2005ASPC..347...29T},
  adsnote = {Provided by the SAO/NASA Astrophysics Data System}
}

@ARTICLE{2011arXiv1110.0528T,
   author = {{Taylor}, M. and {Boch}, T. and {Fitzpatrick}, M. and {Allan}, A. and 
	{Paioro}, L. and {Taylor}, J. and {Tody}, D.},
    title = "{IVOA Recommendation: SAMP - Simple Application Messaging Protocol Version 1.3}",
  journal = {ArXiv e-prints},
archivePrefix = "arXiv",
   eprint = {1110.0528},
 primaryClass = "astro-ph.IM",
 keywords = {Astrophysics - Instrumentation and Methods for Astrophysics},
     year = 2011,
    month = oct,
   adsurl = {http://adsabs.harvard.edu/abs/2011arXiv1110.0528T},
  adsnote = {Provided by the SAO/NASA Astrophysics Data System}
}

