@INPROCEEDINGS{2011ASPC..442..127M,
   author = {{Masters}, J. and {Garwood}, B. and {Langston}, G. and {Shelton}, A.
	},
    title = "{A Calibration and Mapping Pipeline for the Green Bank Telescope}",
booktitle = {Astronomical Data Analysis Software and Systems XX},
     year = 2011,
   series = {Astronomical Society of the Pacific Conference Series},
   volume = 442,
   editor = {{Evans}, I.~N. and {Accomazzi}, A. and {Mink}, D.~J. and {Rots}, A.~H.
	},
    month = jul,
    pages = {127},
   adsurl = {http://adsabs.harvard.edu/abs/2011ASPC..442..127M},
  adsnote = {Provided by the SAO/NASA Astrophysics Data System}
}

@ARTICLE{2012arXiv1202.0938A,
   author = {{Anish Roshi}, D. and {Bloss}, M. and {Brandt}, P. and {Bussa}, S. and 
	{Chen}, H. and {Demorest}, P. and {Desvignes}, G. and {Filiba}, T. and 
	{Fisher}, R.~J. and {Ford}, J. and {Frayer}, D. and {Garwood}, R. and 
	{Gowda}, S. and {Jones}, G. and {Mallard}, B. and {Masters}, J. and 
	{McCullough}, R. and {Molera}, G. and {O'Neil}, K. and {Ray}, J. and 
	{Scott}, S. and {Shelton}, A. and {Siemion}, A. and {Wagner}, M. and 
	{Watts}, G. and {Werthimer}, D. and {Whitehead}, M.},
    title = "{Advanced Multi-beam Spectrometer for the Green Bank Telescope}",
  journal = {ArXiv e-prints},
archivePrefix = "arXiv",
   eprint = {1202.0938},
 primaryClass = "astro-ph.IM",
 keywords = {Astrophysics - Instrumentation and Methods for Astrophysics},
     year = 2012,
    month = feb,
   adsurl = {http://adsabs.harvard.edu/abs/2012arXiv1202.0938A},
  adsnote = {Provided by the SAO/NASA Astrophysics Data System}
}
