@inproceedings(bridger_2004,
	author 	= "Alan Bridger and David Clarke and Joseph Schwarz and Maurizio Chavan and Heiko Sommer and Marcus Schilling",
	title		= "ALMA Proposal Preparation: Supporting the Novice and the Expert",
	booktitle	= "ADASS XIII",
	year		= 2004,
	editor	= "F. Ochsenbein and M. Allen and D. Egret",
	volume 	= 314,
	series 	= "ASP Conference Series",
	pages	= 85,
	publisher	= "ASP",
)

@book{SLAP,
	title		= {{SLAP v1.0}: Simple Line Access Protocol},
	publisher	= {IVOA (International Virtual Observatory Alliance)},
	year		= {2010},
	author	= {{IVOA}},
	url		= {http://www.ivoa.net/Documents/SLAP}
}

@inproceedings{splatalogue,
   author = {{Remijan}, A.~J.},
    title = "{Splatalogue - Motivation, Current Status, Future Plans}",
booktitle = {American Astronomical Society Meeting Abstracts \#215},
     year = 2010,
   series = {Bulletin of the American Astronomical Society},
   volume = 42,
    month = jan,
}
