@ARTICLE{2004MNRAS.347..471P,
   author = {{Petit}, J.-M. and {Holman}, M. and {Scholl}, H. and {Kavelaars}, J. and 
	{Gladman}, B.},
    title = "{A highly automated moving object detection package}",
  journal = {\mnras},
 keywords = {methods: data analysis, Kuiper Belt, Solar system: general},
     year = 2004,
    month = jan,
   volume = 347,
    pages = {471-480},
      doi = {10.1111/j.1365-2966.2004.07217.x},
   adsurl = {http://adsabs.harvard.edu/abs/2004MNRAS.347..471P},
  adsnote = {Provided by the SAO/NASA Astrophysics Data System}
}

@ARTICLE{2012PASP..124..579G,
   author = {{Gwyn}, S.~D.~J. and {Hill}, N. and {Kavelaars}, J.~J.},
    title = "{SSOS: A Moving-Object Image Search Tool for Asteroid Precovery}",
  journal = {\pasp},
archivePrefix = "arXiv",
   eprint = {1204.4182},
 primaryClass = "astro-ph.EP",
 keywords = {Solar System},
     year = 2012,
    month = jun,
   volume = 124,
    pages = {579-585},
      doi = {10.1086/666462},
   adsurl = {http://adsabs.harvard.edu/abs/2012PASP..124..579G},
  adsnote = {Provided by the SAO/NASA Astrophysics Data System}
}

@INPROCEEDINGS{2012ASPC..461..367K,
   author = {{Kavelaars}, J. and {Dowler}, P. and {Jenkins}, D. and {Hill}, N. and 
	{Damian}, A.},
    title = "{cadcVOFS: A FUSE Based File System Layer for VOSpace}",
booktitle = {Astronomical Data Analysis Software and Systems XXI},
     year = 2012,
   series = {Astronomical Society of the Pacific Conference Series},
   volume = 461,
   editor = {{Ballester}, P. and {Egret}, D. and {Lorente}, N.~P.~F.},
    month = sep,
    pages = {367},
   adsurl = {http://adsabs.harvard.edu/abs/2012ASPC..461..367K},
  adsnote = {Provided by the SAO/NASA Astrophysics Data System}
}

@INPROCEEDINGS{2009ASPC..411..185G,
   author = {{Gaudet}, S. and {Dowler}, P. and {Goliath}, S. and {Hill}, N. and 
	{Kavelaars}, J.~J. and {Peddle}, M. and {Pritchet}, C. and {Schade}, D.
	},
    title = "{The Canadian Advanced Network For Astronomical Research}",
booktitle = {Astronomical Data Analysis Software and Systems XVIII},
     year = 2009,
   series = {Astronomical Society of the Pacific Conference Series},
   volume = 411,
   editor = {{Bohlender}, D.~A. and {Durand}, D. and {Dowler}, P.},
    month = sep,
    pages = {185},
   adsurl = {http://adsabs.harvard.edu/abs/2009ASPC..411..185G},
  adsnote = {Provided by the SAO/NASA Astrophysics Data System}
}

@INPROCEEDINGS{2006ASPC..351..367B,
   author = {{Berthier}, J. and {Vachier}, F. and {Thuillot}, W. and {Fernique}, P. and 
	{Ochsenbein}, F. and {Genova}, F. and {Lainey}, V. and {Arlot}, J.-E.
	},
    title = "{SkyBoT, a new VO service to identify Solar System objects}",
booktitle = {Astronomical Data Analysis Software and Systems XV},
     year = 2006,
   series = {Astronomical Society of the Pacific Conference Series},
   volume = 351,
   editor = {{Gabriel}, C. and {Arviset}, C. and {Ponz}, D. and {Enrique}, S.
	},
    month = jul,
    pages = {367},
   adsurl = {http://cdsads.u-strasbg.fr/abs/2006ASPC..351..367B},
  adsnote = {Provided by the SAO/NASA Astrophysics Data System}
}
