@ARTICLE{2012clb+,
   author = {{Croom},~S.~M. and {Lawrence},~J.~S. and {Bland-Hawthorn},~J. and 
	{Bryant},~J.~J. and {Fogarty},~L. and {Richards},~S. and {Goodwin},~M. and 
	{Farrell},~T. and {Miziarski},~S. and {Heald},~R. and {Jones},~D.~H. and 
	{Lee},~S. and {Colless},~M. and {Brough},~S. and {Hopkins},~A.~M. and 
	{Bauer},~A.~E. and {Birchall},~M.~N. and {Ellis},~S. and {Horton},~A. and 
	{Leon-Saval},~S. and {Lewis},~G. and {L{\'o}pez-S{\'a}nchez},~{\'A}.~R. and 
	{Min},~S.-S. and {Trinh},~C. and {Trowland},~H.},
    title = "{The Sydney-AAO Multi-object Integral field spectrograph}",
  journal = {\mnras},
archivePrefix = "arXiv",
   eprint = {1112.3367},
 primaryClass = "astro-ph.CO",
 keywords = {instrumentation: spectrographs, techniques: imaging spectroscopy, surveys, galaxies: general, galaxies: kinematics and dynamics},
     year = 2012,
    month = mar,
   volume = 421,
    pages = {872-893},
      doi = {10.1111/j.1365-2966.2011.20365.x},
   adsurl = {http://adsabs.harvard.edu/abs/2012MNRAS.421..872C},
  adsnote = {Provided by the SAO/NASA Astrophysics Data System}
}

@ARTICLE{2000bfb+,
   author = {{Bonnarel},~F. and {Fernique},~P. and {Bienaym{\'e}},~O. and 
	{Egret},~D. and {Genova},~F. and {Louys},~M. and {Ochsenbein},~F. and 
	{Wenger},~M. and {Bartlett},~J.~G.},
    title = "{The ALADIN interactive sky atlas. A reference tool for identification of astronomical sources}",
  journal = {\aaps},
 keywords = {ASTRONOMICAL DATA BASES: MISCELLANEOUS, CATALOGS, ATLASES, SURVEYS},
     year = 2000,
    month = apr,
   volume = 143,
    pages = {33-40},
      doi = {10.1051/aas:2000331},
   adsurl = {http://cdsads.u-strasbg.fr/abs/2000A%26AS..143...33B},
  adsnote = {Provided by the SAO/NASA Astrophysics Data System}
}

@ARTICLE{2011owd+,
   author = {{Ochsenbein},~F. and {Williams},~R. and {Davenhall},~C. and 
	{Durand},~D. and {Fernique},~P. and {Giaretta},~D. and {Hanisch},~R. and 
	{McGlynn},~T. and {Szalay},~A. and {Taylor},~M.~B. and {Wicenec},~A.
	},
    title = "{IVOA Recommendation: VOTable Format Definition Version 1.2}",
  journal = {ArXiv e-prints},
archivePrefix = "arXiv",
   eprint = {1110.0524},
 primaryClass = "astro-ph.IM",
 keywords = {Astrophysics - Instrumentation and Methods for Astrophysics},
     year = 2011,
    month = oct,
   adsurl = {http://adsabs.harvard.edu/abs/2011arXiv1110.0524O},
  adsnote = {Provided by the SAO/NASA Astrophysics Data System}
}


