@article{DBLP:journals/corr/abs-cs-0701171,
  author    = {Jim Gray and
               Mar\'{\i}a A. Nieto-Santisteban and
               Alexander S. Szalay},
  title     = {The Zones Algorithm for Finding Points-Near-a-Point or Cross-Matching
               Spatial Datasets},
  journal   = {MSR-TR-2006-52},
  year      = {2006},
  ee        = {http://arxiv.org/abs/cs/0701171},
  bibsource = {DBLP, http://dblp.uni-trier.de}
}

@article{Budavari:2010ek,
	title = {Searchable Sky Coverage of Astronomical Observations: Footprints and Exposures},
	volume = {122},
	shorttitle = {Searchable Sky Coverage of Astronomical Observations},
	doi = {10.1086/657302;},
	urldate = {2012-11-12},
	journal = {PASP},
	author = {Budav{\'a}ri, Tam{\'a}s and Szalay, Alexander S. and Fekete, Gy√∂rgy},
	month = nov,
	year = {2010},
	keywords = {Astrophysics - Instrumentation and Methods for Astrophysics, Data Analysis and Techniques},
	pages = {1375--1388},
	file = {1005.2606 PDF:files/113/Budavari et al. - 2010 - Searchable Sky Coverage of Astronomical Observatio.pdf:application/pdf;arXiv.org Snapshot:files/114/1005.html:text/html}
}

@article{dongwei,
author = {Dongwei Fan and
          Tam\'as Budav\'ari and
          Alexander S. Szalay and
          Chenzhou Cui and
          Yongheng Zhao},
title = {{Efficient Catalog Matching with Dropout Detection }},
journal={PASP submitted},
year={2012}
}

@article{2007ASPC..376..559B,
   author = {{Budav{\'a}ri}, T. and {Dobos}, L. and {Szalay}, A.~S. and {Greene}, G. and 
	{Gray}, J. and {Rots}, A.~H.},
    title = "{Footprint Services for Everyone}",
booktitle = {Astronomical Data Analysis Software and Systems XVI},
     year = 2007,
   series = {Astronomical Society of the Pacific Conference Series},
   volume = 376,
   editor = {{Shaw}, R.~A. and {Hill}, F. and {Bell}, D.~J.},
    month = oct,
    pages = {559},
   adsurl = {http://adsabs.harvard.edu/abs/2007ASPC..376..559B},
  adsnote = {Provided by the SAO/NASA Astrophysics Data System}
}

@ARTICLE{2007cs........1163G,
   author = {{Gray}, J. and {Szalay}, A. and {Fekete}, G.},
    title = "{Using Table Valued Functions in SQL Server 2005 To Implement a Spatial Data Library}",
  journal = {MSR-TR-2005-122},
 keywords = {Computer Science - Databases, Computer Science - Computational Engineering, Finance, and Science},
     year = 2005,
    month = jan,
   adsurl = {http://adsabs.harvard.edu/abs/2007cs........1163G},
  adsnote = {Provided by the SAO/NASA Astrophysics Data System}
}