@inproceedings{fernique_2010,
   author = {{Fernique}, P. and {Oberto}, A. and {Boch}, T. and {Bonnarel}, F.
	},
    title = "{Another Way to Explore the Sky: HEALPix Usage in Aladin Full Sky Mode}",
booktitle = {Astronomical Data Analysis Software and Systems XIX},
     year = 2010,
   series = {Astronomical Society of the Pacific Conference Series},
   volume = 434,
   editor = "{Y.~Mizumoto, K.-I.~Morita, \& M.~Ohishi}",
    month = dec,
    pages = {163},
   adsurl = {http://cdsads.u-strasbg.fr/abs/2010ASPC..434..163F},
  adsnote = {Provided by the SAO/NASA Astrophysics Data System}
}

@article{Gorski_2005,
   author = {{G{\'o}rski}, K.~M. and {Hivon}, E. and {Banday}, A.~J. and 
	{Wandelt}, B.~D. and {Hansen}, F.~K. and {Reinecke}, M. and 
	{Bartelmann}, M.},
    title = "{HEALPix: A Framework for High-Resolution Discretization and Fast Analysis of Data Distributed on the Sphere}",
  journal = {\apj},
   eprint = {arXiv:astro-ph/0409513},
 keywords = {Cosmology: Cosmic Microwave Background, Cosmology: Observations, Methods: Statistical},
     year = 2005,
    month = apr,
   volume = 622,
    pages = {759-771},
      doi = {10.1086/427976},
   adsurl = {http://adsabs.harvard.edu/abs/2005ApJ...622..759G},
  adsnote = {Provided by the SAO/NASA Astrophysics Data System}
}