@article{spherical,
	author  = "Budavari, T and Szalay, A and Fekete, G",
	title   = "",
	journal = "Publications of the Astronomical Society of the Pacific",
	year    = 2010,
	volume  = 122,
	pages   = 1375,
}

@article{phase3,
	author  = "Retzlaff, J and Arnaboldi, M and Forchì, V. and Nunes, P and Zampieri, S. and Bierwirth, T. and Peron, M. and Romaniello, M. and Lockhart, J. and Suchar",
	title   = "",
	journal = "ASP Conference Series",
	year    = 2012,
	volume  = 461,
	pages   = 213,
}

@article{messenger,
	author  = "Arnaboldi, M. and Retzlaff, J and Slijkhuis, R. and Forchì, V. and Nunes, P. and Sforna,D. and Zampieri, S. and Bierwirth, T. and Comerón, F. and Péron, M. and Romaniello, M.,Suchar, D.",
	title   = "",
	journal = "The Messenger",
	year    = 2011,
	volume  = 144,
	pages   = 17,
}
