@ARTICLE{Abdalla2011,
  author = {{Abdalla}, F.~B. and {Banerji}, M. and {Lahav}, O. and {Rashkov},
	V.},
  title = {{A comparison of six photometric redshift methods applied to 1.5
	million luminous red galaxies}},
  year = {2011},
  volume = {417},
  pages = {1891-1903},
  journal = {MNRAS},
}

@ARTICLE{Benitez2000,
  author = {{Ben{\'{\i}}tez}, N.},
  title = {{Bayesian Photometric Redshift Estimation}},
  year = {2000},
  volume = {536},
  pages = {571-583},
  journal = {ApJ},
}

@ARTICLE{Hildebrandt2010,
  author = {{Hildebrandt}, H. and others},
  title = {{PHAT: PHoto-z Accuracy Testing}},
  year = {2010},
  volume = {523},
  pages = {A31},
  journal = {A\&A},
}

@ARTICLE{Carrasco2013,
  author = {{Carrasco Kind}, M. and {Brunner}, R.~J.},
  title = {{TPZ : Photometric redshifts using prediction trees and random forests}},
  year = {2013},
  volume = "",
  pages = "",
  journal = {MNRAS submitted},
}

@ARTICLE{Matthews2012,
   author = {{Matthews}, D.~J. and {Newman}, J.~A. and {Coil}, A.~L. and 
	{Cooper}, M.~C. and {Gwyn}, S.~D.~J.},
    title = "{Extended Photometry for the DEEP2 Galaxy Redshift Survey: A Testbed for Photometric Redshift Experiments}",
  journal = {ArXiv e-prints},
   eprint = {1210.2405},
     year = 2012,
}

@ARTICLE{Breiman2001,
  author = {{Breiman},Leo},
  title = {{Random Forests}},
  year = {2001},
  volume = {45},
  pages = {5-32},
  journal = {Machine Learning},
}

@ARTICLE{York2000,
  author = {{York}, D.~G. and others},
  title = {{The Sloan Digital Sky Survey: Technical Summary}},
  year = {2000},
  volume = {120},
  pages = {1579-1587},
}

