%% This BibTeX bibliography file was created using BibDesk.
%% http://bibdesk.sourceforge.net/


%% Created for R. Y. Shuping at 2012-11-01 11:05:36 -0700 


%% Saved with string encoding Unicode (UTF-8) 



@inproceedings{Gross:2009,
	Adsnote = {Provided by the SAO/NASA Astrophysics Data System},
	Adsurl = {http://adsabs.harvard.edu/abs/2009ASPC..411..314G},
	Author = {{Gross}, M.~A.~K. and {Shuping}, R.~Y.},
	Booktitle = {Astronomical Data Analysis Software and Systems XVIII},
	Date-Added = {2012-11-01 11:03:52 -0700},
	Date-Modified = {2012-11-01 11:03:52 -0700},
	Editor = {{Bohlender}, D.~A. and {Durand}, D. and {Dowler}, P.},
	Month = sep,
	Pages = {314},
	Series = {Astronomical Society of the Pacific Conference Series},
	Title = {{Planning and Executing Airborne Astronomy Missions for SOFIA}},
	Volume = 411,
	Year = 2009}

@article{Young:2012,
	Adsnote = {Provided by the SAO/NASA Astrophysics Data System},
	Adsurl = {http://adsabs.harvard.edu/abs/2012ApJ...749L..17Y},
	Archiveprefix = {arXiv},
	Author = {{Young}, E.~T. and {Becklin}, E.~E. and {Marcum}, P.~M. and {Roellig}, T.~L. and {De Buizer}, J.~M. and {Herter}, T.~L. and {G{\"u}sten}, R. and {Dunham}, E.~W. and {Temi}, P. and {Andersson}, B.-G. and {Backman}, D. and {Burgdorf}, M. and {Caroff}, L.~J. and {Casey}, S.~C. and {Davidson}, J.~A. and {Erickson}, E.~F. and {Gehrz}, R.~D. and {Harper}, D.~A. and {Harvey}, P.~M. and {Helton}, L.~A. and {Horner}, S.~D. and {Howard}, C.~D. and {Klein}, R. and {Krabbe}, A. and {McLean}, I.~S. and {Meyer}, A.~W. and {Miles}, J.~W. and {Morris}, M.~R. and {Reach}, W.~T. and {Rho}, J. and {Richter}, M.~J. and {Roeser}, H.-P. and {Sandell}, G. and {Sankrit}, R. and {Savage}, M.~L. and {Smith}, E.~C. and {Shuping}, R.~Y. and {Vacca}, W.~D. and {Vaillancourt}, J.~E. and {Wolf}, J. and {Zinnecker}, H.},
	Date-Added = {2012-10-31 17:24:04 -0700},
	Date-Modified = {2012-10-31 17:24:04 -0700},
	Doi = {10.1088/2041-8205/749/2/L17},
	Eid = {L17},
	Eprint = {1205.0791},
	Journal = {\apjl},
	Keywords = {infrared: general, instrumentation: miscellaneous, telescopes},
	Month = apr,
	Pages = {L17},
	Primaryclass = {astro-ph.IM},
	Title = {{Early Science with SOFIA, the Stratospheric Observatory For Infrared Astronomy}},
	Volume = 749,
	Year = 2012,
	Bdsk-Url-1 = {http://dx.doi.org/10.1088/2041-8205/749/2/L17}}

@techreport{Lord:1992,
	Author = {Lord, S.~D.},
	Date-Added = {2012-10-31 17:13:46 -0700},
	Date-Modified = {2012-11-01 11:05:36 -0700},
	Institution = {NASA},
	Number = {103957},
	Title = {A New Software Tool for Computing Earth's Atmospheric Transmission of Near- and Far-Infrared Radiation},
	Year = {1992}}

@article{abt_1990,
	Author = {Abt, H.},
	Journal = {ApJ},
	Pages = 1,
	Volume = 357,
	Year = 1990}

@book{butcher_2006,
	Address = {Cambridge},
	Author = {Butcher, Judith},
	Edition = {4th},
	Publisher = {Cambridge University Press},
	Title = {Butcher's Copy-editing: The Cambridge Handbook for Editors, Copy-editors and Proofreaders},
	Year = 2006}

@phdthesis{capak_phdthesis,
	Author = {Capak, P.},
	School = {University of Hawaii},
	Title = {PhD Thesis},
	Year = 2003}

@manual{daly_2007,
	Author = {Daly, Patrick W.},
	Title = {Natural Sciences Citations and References (Author--Year and Numerical Schemes), Version 8.1},
	Year = 2007}

@inproceedings{de_vaucouleurs_1964,
	Address = {Dordrecht},
	Author = {de Vaucouleurs, G.},
	Booktitle = {The Galaxy and the Magellanic Clouds},
	Editor = {Kerr, F. J.},
	Pages = 195,
	Publisher = {Reidel},
	Series = {IAU Symp.},
	Volume = 20,
	Year = 1964}

@proceedings{kerr_1964,
	Address = {Dordrecht},
	Editor = {Kerr, F. J.},
	Publisher = {Reidel},
	Series = {IAU Symp.},
	Title = {The Galaxy and the Magellanic Clouds},
	Volume = {20},
	Year = 1964}

@techreport{example_2010,
	Author = {Example Author},
	Institution = {Example Institution},
	Number = {1},
	Title = {Example Tech Report},
	Year = {2010}}
